2604 3778
182 169 438 257 sonno-50]
564 187 755 238 Annum.
1101 169 1143 236 37

262 341 393 421 Nuptias
407 340 490 404 domi
504 342 656 423 idpsrnri,
670 343 791 406 missust
803 339 918 406 snoills
931 341 1004 406 ilioo

263 434 464 518 (insomnem
485 457 661 519 armnitum
681 455 721 520 nd
742 477 808 518 eam
830 464 861 520 ot
880 458 1008 538 puerum
1029 465 1065 519 ut

423 566 670 630 ndiemitsimul.
1084 567 1143 629 515

264 678 349 757 [Hoc
358 680 417 742 nisi
430 679 474 755 iit,
488 700 616 761 puerum
631 689 666 741 ut
679 689 713 742 tu
728 679 841 755 uidens,
852 679 929 741 nihil
943 699 1064 742 mouen-

423 800 475 854 tur
488 793 640 874 nuptiae]

74 965 80 970 .
181 903 224 968 ut
262 905 349 983 Quid
363 906 430 968 sis?
471 925 563 986 quom
578 904 773 967 intellexeras

262 997 301 1079 id
321 1013 481 1080 consilinm
502 1020 618 1098 cipere,
633 1037 710 1099 quor
729 1015 791 1078 non
809 1016 891 1080 dixti
910 1017 1063 1099 extemplo

86 1159 91 1168 ·
422 1131 608 1212 Psmphilot

53 1311 58 1316 ,
181 1245 243 1307 Do.
265 1245 343 1323 Quis
366 1245 461 1328 igitur
483 1267 553 1309 eum
578 1245 618 1308 sb
645 1245 703 1307 ssla
730 1243 881 1307 abstruxit
903 1245 963 1308 nisi
987 1248 1065 1328 ego?

423 1379 496 1421 nam
511 1378 614 1421 omnes
627 1361 681 1420 nos
695 1357 819 1440 quidem
1063 1374 1067 1380 ’

264 1470 391 1547 Scimus,
406 1471 486 1534 hano
507 1491 599 1551 quam
620 1471 729 1533 misere
746 1471 866 1534 nmsrit
906 1474 987 1535 mino
1007 1473 1064 1535 sibi

422 1603 550 1646 uxorem
564 1585 689 1664 ixpetit.
1085 1587 1144 1650 520

264 1697 419 1760 Postremo
432 1698 464 1759 id
478 1698 555 1758 mihi
569 1697 609 1760 dt
622 1696 740 1778 negoti:
756 1699 790 1760 tu
805 1706 908 1760 tumen
918 1696 998 1760 idom
1009 1699 1064 1762 hus

298 1876 301 1884 ,
423 1813 547 1893 niptius

264 1927 361 2009 Pinge
378 1927 477 1990 facere
490 1928 535 1990 itn
548 1929 584 1989 ut
596 1928 687 1990 facis:
709 1937 741 1990 et
754 1928 786 1990 id
800 1930 888 2008 sporo
908 1928 1065 1992 adiuturos

425 2041 503 2103 deos.

181 2153 225 2216 Si.
264 2137 363 2216 [mmo
377 2154 428 2216 sbi
441 2155 539 2216 intro:
553 2155 598 2216 ibi
608 2176 657 2217 me
667 2155 805 2235 opperire
820 2164 850 2217 ot
863 2155 945 2238 quod
958 2165 1065 2238 parato

423 2287 499 2349 opus
513 2270 558 2328 ist
571 2287 655 2348 pora.

263 2378 336 2442 Non
362 2380 478 2460 inpulit
505 2400 563 2456 mo,
587 2381 662 2442 haec
687 2382 768 2442 nuno
791 2382 914 2444 omnino
942 2391 978 2445 ut
1005 2385 1065 2444 oro

422 2492 533 2554 dorem.

262 2605 361 2688 Atqui
374 2607 497 2668 hausein
511 2628 551 2668 an
565 2629 643 2688 quae
657 2608 738 2670 dixit
752 2608 813 2670 sint
827 2627 901 2669 uera
914 2607 1025 2682 omnia,
1084 2609 1143 2669 525

263 2720 322 2782 Sed
333 2721 422 2801 pirui
432 2721 549 2802 pendo:
564 2722 643 2785 illud
655 2724 731 2785 mihi
742 2723 840 2784 multo
848 2726 1063 2797 minumumst,

263 2835 356 2913 Quod
383 2836 460 2896 mihi
493 2837 661 2917 pollicitust
696 2839 779 2918 ipsus
809 2846 927 2918 gnatus.
982 2839 1063 2898 nimo

422 2949 582 3011 Chremem

262 3059 465 3124 Conuiuium:
481 3063 574 3126 orabo
584 3065 676 3143 guito
687 3083 831 3124 uxorem:
845 3062 878 3124 id
892 3062 917 3124 si
932 3063 1061 3143 inpetro,

263 3173 347 3251 Quid
361 3175 437 3236 ilias
451 3176 556 3236 malim
567 3197 660 3256 quam
670 3176 760 3237 hodie
771 3176 826 3236 hus
840 3174 905 3236 fieri
917 3175 1062 3254 nuptias?

261 3286 343 3350 Nam
363 3290 473 3371 gnitus
494 3290 575 3370 quod
596 3289 775 3370 pollicitust,
795 3287 879 3350 houd
907 3285 1063 3349 dubiumst

420 3400 506 3473 mni,
1083 3393 1142 3454 530
1266 3441 1284 3486 a

652 3511 679 3564 D
792 3525 793 3529 ι
