2604 3778
169 166 211 230 20
518 193 556 239 P.
579 194 772 242 umorum
999 184 1080 270 [Act
1095 186 1125 252 Ι.

251 323 265 338 Ι

248 340 316 403 Itur
329 344 367 404 ad
383 366 439 407 me.
482 347 542 427 My.
563 339 667 412 Ordtio
682 353 756 414 haec
770 375 818 416 me
833 358 973 418 miseram
996 379 1045 419 ex-

406 461 556 523 animauit
570 473 661 525 metu.

35 589 38 598 s
164 569 220 630 Po.
244 570 326 631 Nam
342 574 416 653 quid
431 595 486 655 ego
501 577 600 639 dicum
617 581 654 640 de
668 549 776 660 petre?
798 585 837 646 eh

245 683 413 746 Tante'umne
437 708 499 748 rem
525 699 587 750 tam
614 693 806 773 neglegenter
820 701 924 778 egere!
949 724 1033 782 prae·

405 801 513 862 teriens
528 805 617 865 modo

243 910 289 971 Mi
300 912 381 990 apdd
392 913 492 975 forum
507 920 514 947 ‘
526 937 605 978 uxor
616 920 673 994 tibi
686 922 860 1000 ducendast,
872 927 1040 1008 Pomphile‚

402 1023 508 1084 hodie’
523 1029 631 1107 iuquit,
648 1035 760 1110 ‘pura:

240 1132 306 1194 Abi
319 1135 461 1197 domum?
503 1138 540 1199 Id
562 1142 638 1201 mihi
660 1145 756 1206 uisust
777 1147 876 1210 dicere
896 1151 963 1211 ‘obi
980 1153 1040 1213 cito

400 1268 436 1309 ec
449 1253 597 1330 suspende
611 1255 659 1314 te!
1060 1267 1118 1326 255

239 1339 398 1444 dbstipui:
427 1371 534 1428 censen
560 1391 608 1431 me
632 1373 759 1434 uerbum
783 1375 915 1454 potuisse
939 1378 1038 1441 ullum

398 1478 539 1558 proloqui
553 1491 607 1542 aut

238 1589 346 1653 Ullam
356 1611 487 1666 oausam,
499 1593 633 1673 ineptam
642 1596 750 1658 saltem
760 1598 867 1660 fdlsam
879 1602 1036 1683 iniquam?

398 1708 545 1770 obmutui.

238 1820 368 1898 Quodsi
382 1842 437 1901 ego
453 1821 638 1884 resciuissem
654 1825 685 1885 id
700 1826 792 1904 prino,
808 1829 882 1908 quid
896 1831 1034 1906 dicerem,

397 1936 490 2016 siquis
505 1940 553 1998 me
567 1948 667 2017 roget:

234 2029 365 2131 dliquid
378 2049 518 2123 facerem,
530 2059 566 2112 ut
580 2050 637 2112 hdo
652 2069 689 2113 ne
703 2053 840 2116 facerem.
883 2057 942 2119 Sed
952 2079 1033 2121 nunc

394 2165 467 2246 quid
481 2164 612 2244 primum
630 2168 783 2247 exequar?

234 2277 292 2340 Tot
312 2300 361 2340 me
381 2279 541 2358 inpediunt
564 2281 661 2353 curae,
677 2294 755 2359 quac
774 2303 874 2344 meum
897 2287 1031 2349 duimum

392 2391 530 2453 diuorsae
545 2368 687 2453 trahunt:
740 2419 744 2426 ²
1052 2403 1111 2465 260

230 2504 337 2580 Amor,
344 2505 549 2567 misericordia
560 2505 659 2579 hdius,
666 2508 1029 2587 nuptidrumsollicitdtm,

230 2618 308 2679 Tum
323 2619 417 2700 petris
435 2618 544 2700 pudor,
560 2619 752 2698 quimorem
768 2620 829 2680 leui
843 2624 947 2701 pessus
967 2627 1029 2684 ani-

390 2740 467 2794 most
480 2733 574 2812 usque
587 2731 688 2793 adhue

229 2847 318 2925 Quae
340 2849 407 2908 meo
434 2865 584 2927 quomque
612 2846 714 2907 animo
737 2845 896 2909 ldbitumst
919 2846 1024 2911 facere.

255 2955 257 2960 ’
385 2959 452 3022 eine
464 2963 519 3040 ego
533 2967 568 3021 ut
581 2959 744 3022 aduorser?
784 2961 813 3020 ef
826 2960 909 3021 mihi.

226 3073 410 3136 Incertumst
436 3073 510 3154 quid
537 3094 636 3154 agam.
692 3073 752 3153 My.
787 3073 902 3134 Misera
932 3074 1023 3136 timeo

386 3187 570 3249 ‘incertum'
591 3186 649 3248 hoc
662 3206 804 3268 quorsum
827 3187 953 3248 decidat.

224 3301 284 3365 Sed
297 3305 378 3365 nsmc
388 3323 517 3383 peropus
528 3311 580 3400 eet,
591 3304 645 3364 adt
658 3302 740 3363 huuc
753 3323 822 3363 cum
836 3302 902 3382 ipse
916 3312 970 3364 aut
984 3303 1022 3364 de

384 3411 440 3472 illu
454 3431 501 3472 me
515 3411 678 3472 aduorsum
692 3409 773 3470 hdno
787 3410 879 3489 loqui.
1043 3415 1101 3473 265
