2582 3762
166 135 443 222 Sc.III.42-77.]
518 154 774 205 nannenon.
1086 145 1128 210 97

165 312 223 373 Dc.
247 312 332 392 Syre,
352 315 582 392 praeceptorum
603 313 724 393 plenust
748 315 874 378 istorum
895 317 957 380 ille
998 317 1046 399 Sy.

408 425 495 506 Phy:

247 539 343 601 Domi
356 538 464 600 habuit
478 537 559 600 unde
570 538 705 601 disceret
746 541 803 602 Dc.
817 541 871 604 Fit
885 543 1007 606 sedulo:

247 652 302 713 Nil
316 653 542 732 praetermitto:
564 653 766 715 ccnsuefacio:
788 655 919 736 denique

247 763 401 845 Inspicere
421 774 579 845 tamquam
599 765 631 824 in
657 766 813 845 speculum
835 767 866 827 In
888 767 968 829 uitas
988 788 1049 829 om·

409 878 495 938 nium
1068 881 1128 940 415

248 990 344 1052 Iubeo
356 993 447 1072 atque
461 1013 500 1053 ex
515 991 584 1052 aliis
598 993 715 1055 aamere
730 993 907 1074 exemplam
920 994 987 1055 eibi.

248 1104 336 1166 ‘Hoc
370 1105 480 1166 scotto)
535 1105 583 1184 Sy.
612 1105 707 1166 Recte
740 1108 820 1167 sane.
876 1107 932 1168 Dc.
961 1106 1048 1168 ‘Hoc

407 1219 524 1301 fugito.’
565 1220 613 1300 Sp.
636 1220 762 1282 callide.

166 1336 223 1397 De.
249 1334 337 1396 ‘Hoc
357 1334 488 1396 landist.’
531 1334 578 1415 Sy.
602 1333 699 1396 Istaec
722 1339 768 1396 res
789 1345 841 1397 eat.
883 1335 939 1397 De.
960 1335 1048 1398 ‘Hoc

409 1443 484 1509 citit
498 1447 607 1508 datur!

167 1563 214 1642 ay.
246 1561 447 1623 Probissume.
488 1560 545 1621 De.
574 1560 669 1622 Porro
699 1563 800 1622 antem
832 1609 839 1624 .
872 1608 879 1623 .
909 1561 957 1642 sy.
977 1561 1048 1624 Non

410 1674 512 1735 hercle
525 1673 651 1735 6tiumst

248 1787 340 1850 Nunc
354 1789 396 1849 mi
410 1787 612 1849 anscultand'a
653 1789 744 1868 piscis
758 1810 797 1851 ex
811 1791 961 1852 sententia
1068 1792 1129 1854 420

247 1901 279 1962 N
280 1903 365 1963 acttis
377 1922 444 1962 sum
455 1924 462 1962 ε
478 1902 504 1963 ei
519 1901 595 1961 mihi
606 1922 645 1962 ne
656 1904 891 1982 cerrumpantur
902 1905 1046 1966 cantiost:

247 2013 280 2076 N
281 2035 330 2076 am
345 2015 377 2075 id
392 2014 478 2075 nabis
486 2022 549 2075 tam
559 2013 739 2094 flagitiumst
747 2036 840 2095 quam
848 2014 913 2090 illa,
921 2015 1047 2092 Demea,

247 2125 320 2188 Non
340 2125 439 2187 facere
460 2125 555 2197 uobis,
577 2128 655 2204 quae
680 2125 769 2186 modo
793 2126 893 2187 dixti:
915 2135 945 2188 et
966 2129 1047 2209 qu6d

409 2257 486 2317 queo
580 2300 591 2326 ·,

246 2348 407 2410 Conseruis
421 2347 461 2408 ad
475 2347 605 2408 eundem
619 2347 719 2408 istunc
734 2349 886 2430 praecipit)
900 2351 1042 2413 modum:

248 2462 337 2524 ‘Hoc
360 2463 511 2535 salsumst
533 2461 590 2522 hoc
615 2461 794 2536 adsistumst,
816 2463 873 2524 hoc
901 2463 1048 2527 lautnmst
1068 2467 1128 2526 425

407 2595 533 2655 parum:
1151 2561 1152 2566 ἵ

247 2689 333 2751 Iliad
347 2697 444 2749 recte:
467 2689 578 2748 iterum
592 2689 636 2748 sic
652 2696 821 2749 memento:
834 2688 842 2714 '
863 2689 968 2751 sedulo

136 2821 138 2826 ·
246 2801 367 2874 Monet),
381 2820 460 2880 quae
473 2820 593 2880 possum
609 2803 664 2878 prs>
680 2821 746 2860 mea
760 2800 927 2879 sapientie:

247 2914 403 2976 Postremo
431 2922 588 2992 tamquam
616 2912 649 2971 in
678 2913 836 2993 speculum
861 2913 893 2973 in
918 2915 1048 2994 patinas,

409 3023 535 3098 Demea,

248 3139 403 3218 Inspicere
418 3137 508 3198 iubeo
522 3145 553 3198 et
567 3139 674 3198 maneo
688 3137 762 3217 quid
777 3136 858 3199 facto
872 3141 942 3199 fisus
956 3139 1004 3201 sit

247 3251 358 3332 Inepta
371 3251 447 3312 hacc
460 3271 532 3324 esse,
547 3252 602 3311 n6s
617 3270 695 3329 quae
709 3249 847 3323 facimus,
862 3252 975 3312 sentio:
1071 3254 1131 3312 430

247 3364 366 3429 Veram
377 3364 453 3446 quid
463 3363 579 3425 facias?
591 3365 627 3423 nt
637 3363 765 3436 homost,
775 3362 820 3422 ita
830 3366 944 3422 morem
954 3381 1049 3439 geras.

304 3478 428 3530 7-Ter.
651 3473 667 3523 I
