2582 3762
497 199 535 245 P.
558 200 752 244 russum
938 180 1019 266 [Act
1042 180 1113 246 ΙΙΙ.

487 473 622 536 Dnnnn.
662 474 779 538 Srnvs.

151 619 206 681 De.
228 619 378 700 Disperii:
400 582 615 708 Ctesiphenem
629 621 735 682 audiui
750 621 854 683 filium
1055 621 1114 682 355

231 733 303 794 Vne
316 732 407 794 fuisse
421 734 453 794 in
467 735 605 813 reptione
621 755 691 795 oum
705 734 869 796 Aeschino.

136 884 150 898 .-
230 843 268 904 Id
283 845 391 906 misero
405 853 499 906 restat
511 845 588 905 mihi
605 845 688 919 mali,
702 846 727 906 si
742 845 830 906 illum
845 853 952 925 potest,

230 958 294 1035 Qui
314 957 431 1039 aliquoi
450 958 531 1033 reist,
552 959 645 1020 etiarn
675 979 776 1020 meum
802 959 841 1019 ed
866 959 1033 1046 nequitiem

390 1070 548 1132 addeoere.

229 1181 294 1246 Vbi
315 1203 369 1263 ego
390 1182 480 1242 sslum
502 1183 668 1263 quaeram?
699 1183 787 1245 eredo
811 1181 980 1244 abductum
1000 1182 1033 1242 in

389 1295 520 1384 geneum

229 1406 361 1487 Alique:
383 1407 531 1486 persuasit
545 1406 599 1468 ssle
614 1407 750 1487 inpurus,
765 1409 812 1468 set
825 1407 895 1469 seio.
1052 1407 1112 1469 360

230 1519 289 1581 Sed
303 1521 405 1580 eccum
420 1519 532 1599 Syrum
546 1519 590 1580 ire
604 1520 711 1580 uideo:
727 1520 799 1580 hino
809 1519 894 1581 scibo
906 1519 967 1580 iam
979 1519 1031 1580 ubi

390 1635 454 1696 siet.

231 1746 327 1828 Atqui
342 1747 444 1809 hercle
456 1747 507 1808 hio
522 1747 559 1808 de
574 1769 665 1828 grege
678 1748 778 1810 sslost:
800 1750 825 1810 si
840 1771 889 1812 me
907 1751 1032 1812 senserit

230 1860 311 1920 Eum
326 1861 505 1939 quaeritare,
520 1863 686 1940 nemquam
701 1861 781 1922 dicet
797 1862 953 1924 oernufex.

229 1971 301 2033 Non
322 1972 478 2033 estendam
500 1971 531 2031 id
553 1993 602 2032 me
622 1971 711 2034 uelle,
752 1972 800 2054 Sy.
819 1972 951 2035 Omnem
965 1996 1028 2036 rem

391 2084 481 2145 medo
495 2084 559 2144 seni

230 2199 300 2276 Quo
315 2199 403 2284 pecto
417 2197 543 2258 haberet
556 2201 734 2266 enarramus
750 2200 864 2262 erdine.
1052 2202 1110 2263 365

229 2307 283 2370 Nil
299 2309 462 2388 quiequam
476 2307 541 2367 uidi
556 2307 673 2369 laetius.
715 2309 771 2370 De.
786 2310 847 2370 Pro
861 2309 1010 2391 Idppiter,

229 2419 373 2480 Hominis
387 2417 558 2480 stultitiam.
599 2419 646 2498 Sy.
662 2418 868 2482 Genlaudauit
883 2421 1001 2484 filium:

229 2532 319 2608 Mihi,
333 2531 432 2612 quiid
447 2531 594 2592 dedissem
609 2532 778 2607 sensilium,
794 2534 855 2613 egit
868 2535 989 2614 gretias.

148 2649 204 2710 De.
226 2646 416 2724 Disrdmpor.
457 2643 504 2724 Sy.
519 2643 694 2724 Argentum
708 2646 923 2707 ednumerauit
937 2647 1028 2708 ilico:

229 2759 325 2821 Dedit
339 2767 494 2838 praeterea
508 2756 540 2817 in
554 2760 710 2838 sumptum
725 2758 886 2819 dimidium
901 2759 1018 2820 minae:
1050 2761 1110 2822 370

228 2873 267 2934 Id
281 2871 477 2934 distributum
491 2872 592 2932 senest
605 2892 645 2933 ex
658 2872 817 2934 sententia.
859 2872 915 2934 De.
931 2872 1023 2947 Hem,

228 2985 313 3046 Huio
328 2983 459 3057 merides,
473 2983 573 3064 siquid
587 2987 669 3045 recte
683 2987 825 3046 curatum
840 2984 925 3047 uelis.

147 3099 193 3174 Sy.
226 3096 325 3155 Ehem
339 3095 465 3168 Demea,
475 3095 559 3155 haud
569 3099 747 3175 aspexeram
757 3105 803 3158 te:
819 3097 894 3177 quid
905 3098 1028 3178 agitur?

148 3207 205 3265 De.
227 3205 313 3280 Quid
326 3206 458 3282 agetur?
478 3215 612 3267 nostram
626 3212 741 3288 nequeo
756 3210 863 3270 mirari
876 3212 948 3272 satis

230 3315 400 3374 Ratienem.
441 3316 489 3394 Sy.
514 3317 572 3379 Est
597 3319 700 3382 hercle
726 3321 839 3402 inepta,
864 3342 904 3385 ne
929 3323 1029 3386 dicem

390 3420 470 3494 dolo,
1051 3435 1112 3497 375
