2612 3760
209 215 272 280 106
557 233 596 285 Ρ.
618 182 813 285 ΤΕΒΕΝἨ
991 223 1071 310 [Aet
1094 225 1164 295 IV.

287 390 354 469 Qui
373 391 496 455 referire
516 397 577 455 min
598 395 757 471 audebam,
779 396 871 459 uicit:
894 398 957 472 hui,
972 399 1083 479 perstr-

446 506 525 568 titer.

205 616 262 679 De.
287 617 358 680 Nan
378 619 478 704 potuit
499 619 613 681 melitis.
655 622 736 682 idem
758 623 837 703 quod
861 645 917 706 ego
942 627 1033 687 sensit
1052 636 1083 688 te

446 755 508 796 esse
521 734 593 797 huic
606 737 652 797 rei
664 747 764 818 eaput.

284 846 344 909 sed
357 856 440 909 estne
454 847 548 908 frater
561 848 666 909 intra?
706 849 753 930 Sy.
768 849 839 912 Non
854 862 906 914 est.
947 852 1003 915 De.
1019 832 1082 916 Vbi

444 961 533 1022 illum
547 961 700 1022 inueniam
715 963 821 1043 etgito.

202 1074 250 1156 Sy.
280 1075 349 1138 Scio
363 1075 416 1137 ubi
430 1075 477 1149 sit,
492 1096 599 1136 uerum
613 1075 703 1137 h6die
716 1097 883 1158 numquam
898 1079 1080 1142 mtnstrabo.

442 1189 498 1250 De.
513 1188 605 1263 Hem,
621 1190 694 1270 quid
713 1190 780 1251 ais?
819 1191 866 1272 Sy.
882 1191 940 1252 Ita.
1102 1195 1163 1258 570

200 1303 258 1366 De.
284 1304 514 1364 Dimminuetur
528 1303 584 1364 tibi
601 1304 723 1383 quidem
745 1303 807 1364 iam
827 1303 991 1367 cerebrum.
1033 1306 1079 1386 Sy.

441 1417 487 1478 At
500 1438 609 1479 nomen
624 1418 723 1479 nescio

281 1511 371 1592 illius
381 1530 520 1603 hominis,
531 1530 583 1590 aed
594 1531 694 1591 locum
707 1531 778 1592 noui
793 1531 845 1592 ribi
859 1531 907 1594 sit.
948 1532 1004 1593 De.
1019 1533 1080 1594 Die

440 1647 511 1724 ergr')
525 1643 634 1705 locum.

160 1837 162 1842 Ι
199 1762 247 1842 Sy.
278 1762 387 1823 Neistiu
402 1762 552 1841 porticum
566 1761 648 1841 apud
663 1761 825 1822 macellum
846 1761 904 1822 hae
918 1762 1079 1823 defusum?

438 1876 494 1937 De.
510 1874 594 1952 Quid
608 1875 641 1935 ni
655 1875 813 1936 nituerim?

198 1989 245 2069 Sy.
277 1989 444 2050 Praeterito
471 1988 529 2049 hac
557 1990 640 2048 reeta
667 1986 769 2067 platea
797 1989 933 2050 sursum:
962 1988 1014 2049 ubi
1042 2009 1077 2049 eo

438 2102 564 2174 ueneris,

278 2216 383 2279 Oliuos
393 2217 533 2278 deorsum
544 2218 666 2276 mireum
677 2224 738 2276 est:
753 2215 810 2278 hac
822 2226 852 2278 te
862 2215 1075 2297 praecipitato:

437 2331 540 2409 pbstea
1097 2329 1156 2392 575

277 2428 335 2506 Far
348 2443 386 2504 ad
401 2443 480 2503 hane
495 2444 619 2503 manum
633 2442 796 2504 sacellum:
819 2443 863 2505 ibi
881 2443 1075 2524 angiportum

436 2557 559 2635 pr6pter
572 2562 625 2627 eat,
1033 2551 1038 2562 '

195 2672 251 2734 Da.
277 2671 350 2748 Qua
361 2669 454 2730 nam?
493 2668 540 2746 Sy.
556 2666 609 2727 Illi
625 2667 677 2729 ubi
692 2668 783 2729 etiaim
795 2668 954 2747 caprificus
964 2669 1075 2748 mtgna

434 2790 486 2843 est.
527 2780 582 2842 De.
597 2780 688 2842 Noui.
730 2780 777 2860 Sy.
793 2781 864 2842 Hae
878 2781 1005 2862 pergito.

194 2898 250 2960 De.
276 2877 313 2957 ld
328 2895 450 2977 quidem
472 2894 666 2975 angiptrtum
687 2915 749 2955 non
770 2904 815 2956 est
834 2895 983 2974 peruium.
1024 2893 1071 2972 Sy.

434 3006 551 3070 Verum
565 3007 683 3068 hercle:
704 3008 776 3080 uah,

273 3121 388 3182 Censen
402 3119 556 3181 hominem
570 3140 619 3180 me
632 3121 715 3181 ease?
734 3119 852 3181 erraui:
873 3119 906 3179 in
920 3119 1071 3198 perticum

420 3221 551 3289 'rursum
566 3231 646 3308 redi:

271 3339 349 3398 Stre
363 3338 421 3399 hae
435 3338 532 3400 multo
543 3342 667 3420 pr6piua
678 3342 735 3402 ibis
745 3345 776 3403 et
787 3343 885 3403 minor
895 3351 941 3404 est
952 3343 1069 3404 erratio.
1093 3345 1153 3406 580

271 3444 343 3504 Scin
357 3445 475 3506 Cratini
490 3446 580 3508 huius
594 3450 667 3510 ditis
686 3451 791 3530 aedis?
831 3452 887 3512 De.
902 3451 981 3512 Seio.
1021 3451 1069 3530 Sy.

430 3554 494 3614 Vbi
508 3576 558 3616 eas
571 3559 770 3634 praeterieris,
