<?xml version="1.0" encoding="UTF-8"?>
<!DOCTYPE html PUBLIC "-//W3C//DTD XHTML 1.0 Transitional//EN"
    "http://www.w3.org/TR/xhtml1/DTD/xhtml1-transitional.dtd">
<html xmlns="http://www.w3.org/1999/xhtml" xml:lang="en" lang="en">
 <head>
  <title>
</title>
<meta http-equiv="Content-Type" content="text/html;charset=utf-8" />
  <meta name='ocr-system' content='tesseract 3.04.00' />
  <meta name='ocr-capabilities' content='ocr_page ocr_carea ocr_par ocr_line ocrx_word'/>
</head>
<body>
  <div class='ocr_page' id='page_1' title='image "andriaandadelph00teregoog_0141.png"; bbox 0 0 2612 3760; ppageno 0'>
   <div class='ocr_carea' id='block_1_1' title="bbox 234 75 1189 164">
    <p class='ocr_par' dir='ltr' id='par_1_1' title="bbox 234 75 1189 164">
     <span class='ocr_line' id='line_1_1' title="bbox 234 75 1189 164; baseline 0.002 -22"><span class='ocrx_word' id='word_1_1' title='bbox 234 80 298 142; x_wconf 82' lang='lat'><strong>132</strong></span> <span class='ocrx_word' id='word_1_2' title='bbox 439 95 694 143; x_wconf 79' lang='lat' dir='ltr'><strong>r.rnnnnr1</strong></span> <span class='ocrx_word' id='word_1_3' title='bbox 723 95 978 142; x_wconf 75' lang='lat' dir='ltr'><strong>nnnnrnos.</strong></span> <span class='ocrx_word' id='word_1_4' title='bbox 1054 75 1119 164; x_wconf 86' lang='lat' dir='ltr'><strong>[Ae</strong></span> <span class='ocrx_word' id='word_1_5' title='bbox 1141 77 1189 146; x_wconf 91' lang='lat' dir='ltr'><strong>V.</strong></span> 
     </span>
    </p>
   </div>
   <div class='ocr_carea' id='block_1_2' title="bbox 302 213 1109 557">
    <p class='ocr_par' dir='ltr' id='par_1_2' title="bbox 302 213 1109 557">
     <span class='ocr_line' id='line_1_2' title="bbox 302 213 1109 332; baseline -0.002 -17"><span class='ocrx_word' id='word_1_6' title='bbox 302 213 359 315; x_wconf 74' lang='lat' dir='ltr'><strong>&#39;n</strong></span> <span class='ocrx_word' id='word_1_7' title='bbox 378 251 410 314; x_wconf 77' lang='lat' dir='ltr'><strong>n</strong></span> <span class='ocrx_word' id='word_1_8' title='bbox 429 253 625 326; x_wconf 70' lang='lat' dir='ltr'><strong>ostenderem,</strong></span> <span class='ocrx_word' id='word_1_9' title='bbox 641 252 721 332; x_wconf 78' lang='lat' dir='ltr'><strong>quon</strong></span> <span class='ocrx_word' id='word_1_10' title='bbox 743 261 773 314; x_wconf 73' lang='lat' dir='ltr'><strong>n</strong></span> <span class='ocrx_word' id='word_1_11' title='bbox 793 252 843 312; x_wconf 77' lang='lat' dir='ltr'><strong>isti</strong></span> <span class='ocrx_word' id='word_1_12' title='bbox 864 252 985 312; x_wconf 73' lang='lat' dir='ltr'><strong>nonem</strong></span> <span class='ocrx_word' id='word_1_13' title='bbox 1006 259 1037 314; x_wconf 83' lang='lat' dir='ltr'><strong>et</strong></span> <span class='ocrx_word' id='word_1_14' title='bbox 1057 252 1109 313; x_wconf 65' lang='lat' dir='ltr'><strong>fes-</strong></span> 
     </span>
     <span class='ocr_line' id='line_1_3' title="bbox 473 365 702 445; baseline 0 -19"><span class='ocrx_word' id='word_1_15' title='bbox 473 365 568 426; x_wconf 78' lang='lat' dir='ltr'><strong>tinem</strong></span> <span class='ocrx_word' id='word_1_16' title='bbox 584 375 702 445; x_wconf 81' lang='lat' dir='ltr'><strong>putant,</strong></span> 
     </span>
     <span class='ocr_line' id='line_1_4' title="bbox 311 459 1109 557; baseline -0.001 -19"><span class='ocrx_word' id='word_1_17' title='bbox 311 459 352 538; x_wconf 81' lang='lat' dir='ltr'><strong>id</strong></span> <span class='ocrx_word' id='word_1_18' title='bbox 365 497 427 538; x_wconf 90' lang='lat' dir='ltr'><strong>non</strong></span> <span class='ocrx_word' id='word_1_19' title='bbox 441 477 505 538; x_wconf 91' lang='lat' dir='ltr'><strong>fieri</strong></span> <span class='ocrx_word' id='word_1_20' title='bbox 521 498 559 537; x_wconf 87' lang='lat' dir='ltr'><strong>ex</strong></span> <span class='ocrx_word' id='word_1_21' title='bbox 575 480 648 538; x_wconf 79' lang='lat' dir='ltr'><strong>uera</strong></span> <span class='ocrx_word' id='word_1_22' title='bbox 663 477 728 537; x_wconf 85' lang='lat' dir='ltr'><strong>nita</strong></span> <span class='ocrx_word' id='word_1_23' title='bbox 742 480 839 557; x_wconf 79' lang='lat' dir='ltr'><strong>neque</strong></span> <span class='ocrx_word' id='word_1_24' title='bbox 859 477 934 538; x_wconf 84' lang='lat' dir='ltr'><strong>adeo</strong></span> <span class='ocrx_word' id='word_1_25' title='bbox 955 497 994 538; x_wconf 87' lang='lat' dir='ltr'><strong>ex</strong></span> <span class='ocrx_word' id='word_1_26' title='bbox 1014 497 1109 556; x_wconf 79' lang='lat' dir='ltr'><strong>aequo</strong></span> 
     </span>
    </p>
   </div>
   <div class='ocr_carea' id='block_1_3' title="bbox 310 590 1107 781">
    <p class='ocr_par' dir='ltr' id='par_1_3' title="bbox 310 590 1107 781">
     <span class='ocr_line' id='line_1_5' title="bbox 472 590 604 664; baseline -0.008 -13"><span class='ocrx_word' id='word_1_27' title='bbox 472 594 503 652; x_wconf 75' lang='lat' dir='ltr'><strong>et</strong></span> <span class='ocrx_word' id='word_1_28' title='bbox 516 590 604 664; x_wconf 89' lang='lat' dir='ltr'><strong>bono,</strong></span> 
     </span>
     <span class='ocr_line' id='line_1_6' title="bbox 310 699 1107 781; baseline 0 -19"><span class='ocrx_word' id='word_1_29' title='bbox 310 699 370 762; x_wconf 72' lang='lat' dir='ltr'><strong>de</strong></span> <span class='ocrx_word' id='word_1_30' title='bbox 398 722 438 762; x_wconf 85' lang='lat' dir='ltr'><strong>ex</strong></span> <span class='ocrx_word' id='word_1_31' title='bbox 466 701 653 762; x_wconf 82' lang='lat' dir='ltr'><strong>adsentando</strong></span> <span class='ocrx_word' id='word_1_32' title='bbox 682 701 868 781; x_wconf 84' lang='lat' dir='ltr'><strong>indulgendo</strong></span> <span class='ocrx_word' id='word_1_33' title='bbox 892 709 923 762; x_wconf 90' lang='lat' dir='ltr'><strong>et</strong></span> <span class='ocrx_word' id='word_1_34' title='bbox 945 699 1107 780; x_wconf 62' lang='lat' dir='ltr'><strong>ldrgiendti,</strong></span> 
     </span>
    </p>
   </div>
   <div class='ocr_carea' id='block_1_4' title="bbox 306 814 1189 2142">
    <p class='ocr_par' dir='ltr' id='par_1_4' title="bbox 472 814 574 876">
     <span class='ocr_line' id='line_1_7' title="bbox 472 814 574 876; baseline 0 -1"><span class='ocrx_word' id='word_1_35' title='bbox 472 814 574 876; x_wconf 83' lang='lat' dir='ltr'><strong>Micio.</strong></span> 
     </span>
    </p>

    <p class='ocr_par' dir='ltr' id='par_1_5' title="bbox 309 925 1108 1116">
     <span class='ocr_line' id='line_1_8' title="bbox 309 925 1108 1002; baseline -0.001 -13"><span class='ocrx_word' id='word_1_36' title='bbox 309 925 402 989; x_wconf 76' lang='lat' dir='ltr'><strong>Ntine</strong></span> <span class='ocrx_word' id='word_1_37' title='bbox 415 927 492 988; x_wconf 84' lang='lat' dir='ltr'><strong>adeo</strong></span> <span class='ocrx_word' id='word_1_38' title='bbox 505 927 530 987; x_wconf 93' lang='lat' dir='ltr'><strong>si</strong></span> <span class='ocrx_word' id='word_1_39' title='bbox 544 927 583 989; x_wconf 87' lang='lat' dir='ltr'><strong>ob</strong></span> <span class='ocrx_word' id='word_1_40' title='bbox 598 930 662 988; x_wconf 74' lang='lat' dir='ltr'><strong>edm</strong></span> <span class='ocrx_word' id='word_1_41' title='bbox 675 949 738 988; x_wconf 87' lang='lat' dir='ltr'><strong>rem</strong></span> <span class='ocrx_word' id='word_1_42' title='bbox 749 927 837 989; x_wconf 91' lang='lat' dir='ltr'><strong>uobis</strong></span> <span class='ocrx_word' id='word_1_43' title='bbox 848 930 916 988; x_wconf 75' lang='lat' dir='ltr'><strong>mea</strong></span> <span class='ocrx_word' id='word_1_44' title='bbox 925 926 992 988; x_wconf 81' lang='lat' dir='ltr'><strong>uita</strong></span> <span class='ocrx_word' id='word_1_45' title='bbox 1002 927 1108 1002; x_wconf 82' lang='lat' dir='ltr'><strong>inuisa,</strong></span> 
     </span>
     <span class='ocr_line' id='line_1_9' title="bbox 470 1041 698 1116; baseline 0 -14"><span class='ocrx_word' id='word_1_46' title='bbox 470 1041 631 1115; x_wconf 74' lang='lat' dir='ltr'><strong>Aeschine,</strong></span> <span class='ocrx_word' id='word_1_47' title='bbox 645 1051 698 1116; x_wconf 88' lang='lat' dir='ltr'><strong>est,</strong></span> 
     </span>
    </p>

    <p class='ocr_par' dir='ltr' id='par_1_6' title="bbox 310 1155 1189 1350">
     <span class='ocr_line' id='line_1_10' title="bbox 310 1155 1108 1236; baseline -0.006 -16"><span class='ocrx_word' id='word_1_48' title='bbox 310 1158 395 1236; x_wconf 72' lang='lat' dir='ltr'><strong>Quia</strong></span> <span class='ocrx_word' id='word_1_49' title='bbox 414 1178 476 1218; x_wconf 91' lang='lat' dir='ltr'><strong>non</strong></span> <span class='ocrx_word' id='word_1_50' title='bbox 497 1157 577 1218; x_wconf 83' lang='lat' dir='ltr'><strong>iusta</strong></span> <span class='ocrx_word' id='word_1_51' title='bbox 597 1156 710 1216; x_wconf 80' lang='lat' dir='ltr'><strong>inirista</strong></span> <span class='ocrx_word' id='word_1_52' title='bbox 730 1175 853 1235; x_wconf 88' lang='lat' dir='ltr'><strong>prorsus</strong></span> <span class='ocrx_word' id='word_1_53' title='bbox 871 1155 973 1214; x_wconf 80' lang='lat' dir='ltr'><strong>dmnia</strong></span> <span class='ocrx_word' id='word_1_54' title='bbox 987 1155 1108 1215; x_wconf 88' lang='lat' dir='ltr'><strong>omnino</strong></span> 
     </span>
     <span class='ocr_line' id='line_1_11' title="bbox 469 1270 1189 1350; baseline 0 -19"><span class='ocrx_word' id='word_1_55' title='bbox 469 1270 622 1350; x_wconf 74' lang='lat' dir='ltr'><strong>dbsequor,</strong></span> <span class='ocrx_word' id='word_1_56' title='bbox 1129 1270 1189 1331; x_wconf 89' lang='grc'><strong>990</strong></span> 
     </span>
    </p>

    <p class='ocr_par' dir='ltr' id='par_1_7' title="bbox 310 1381 1108 1557">
     <span class='ocr_line' id='line_1_12' title="bbox 310 1381 1108 1461; baseline -0.005 -15"><span class='ocrx_word' id='word_1_57' title='bbox 310 1384 406 1446; x_wconf 79' lang='lat' dir='ltr'><strong>Missa</strong></span> <span class='ocrx_word' id='word_1_58' title='bbox 419 1385 514 1446; x_wconf 83' lang='lat' dir='ltr'><strong>facio:</strong></span> <span class='ocrx_word' id='word_1_59' title='bbox 536 1382 697 1456; x_wconf 83' lang='lat' dir='ltr'><strong>eefdndite,</strong></span> <span class='ocrx_word' id='word_1_60' title='bbox 712 1383 811 1456; x_wconf 85' lang='lat' dir='ltr'><strong>emite,</strong></span> <span class='ocrx_word' id='word_1_61' title='bbox 823 1382 912 1443; x_wconf 69' lang='lat' dir='ltr'><strong>finite</strong></span> <span class='ocrx_word' id='word_1_62' title='bbox 927 1383 1008 1461; x_wconf 92' lang='lat' dir='ltr'><strong>quod</strong></span> <span class='ocrx_word' id='word_1_63' title='bbox 1022 1381 1108 1443; x_wconf 82' lang='lat' dir='ltr'><strong>uobis</strong></span> 
     </span>
     <span class='ocr_line' id='line_1_13' title="bbox 471 1496 563 1557; baseline 0.011 -1"><span class='ocrx_word' id='word_1_64' title='bbox 471 1496 563 1557; x_wconf 88' lang='lat' dir='ltr'><strong>lubet.</strong></span> 
     </span>
    </p>

    <p class='ocr_par' dir='ltr' id='par_1_8' title="bbox 309 1609 1108 1784">
     <span class='ocr_line' id='line_1_14' title="bbox 309 1609 1108 1690; baseline -0.006 -15"><span class='ocrx_word' id='word_1_65' title='bbox 309 1611 369 1675; x_wconf 77' lang='lat' dir='ltr'><strong>Sed</strong></span> <span class='ocrx_word' id='word_1_66' title='bbox 382 1612 408 1673; x_wconf 91' lang='lat' dir='ltr'><strong>si</strong></span> <span class='ocrx_word' id='word_1_67' title='bbox 421 1611 454 1672; x_wconf 91' lang='lat' dir='ltr'><strong>id</strong></span> <span class='ocrx_word' id='word_1_68' title='bbox 468 1611 558 1671; x_wconf 81' lang='lat' dir='ltr'><strong>uoltis</strong></span> <span class='ocrx_word' id='word_1_69' title='bbox 574 1611 682 1690; x_wconf 78' lang='lat' dir='ltr'><strong>pdtius,</strong></span> <span class='ocrx_word' id='word_1_70' title='bbox 697 1630 775 1690; x_wconf 84' lang='lat' dir='ltr'><strong>quae</strong></span> <span class='ocrx_word' id='word_1_71' title='bbox 788 1629 842 1670; x_wconf 90' lang='lat' dir='ltr'><strong>uos</strong></span> <span class='ocrx_word' id='word_1_72' title='bbox 855 1612 979 1690; x_wconf 87' lang='lat' dir='ltr'><strong>pr6pter</strong></span> <span class='ocrx_word' id='word_1_73' title='bbox 992 1609 1108 1670; x_wconf 82' lang='lat' dir='ltr'><strong>adules-</strong></span> 
     </span>
     <span class='ocr_line' id='line_1_15' title="bbox 470 1723 599 1784; baseline -0.016 0"><span class='ocrx_word' id='word_1_74' title='bbox 470 1723 599 1784; x_wconf 81' lang='lat' dir='ltr'><strong>centiam</strong></span> 
     </span>
    </p>

    <p class='ocr_par' dir='ltr' id='par_1_9' title="bbox 308 1815 1107 2029">
     <span class='ocr_line' id='line_1_16' title="bbox 308 1815 1107 1918; baseline -0.001 -21"><span class='ocrx_word' id='word_1_75' title='bbox 308 1835 414 1898; x_wconf 81' lang='lat' dir='ltr'><strong>Minus</strong></span> <span class='ocrx_word' id='word_1_76' title='bbox 427 1835 546 1907; x_wconf 88' lang='lat' dir='ltr'><strong>uidetis,</strong></span> <span class='ocrx_word' id='word_1_77' title='bbox 562 1835 656 1913; x_wconf 69' lang='lat' dir='ltr'><strong>migis</strong></span> <span class='ocrx_word' id='word_1_78' title='bbox 677 1834 801 1918; x_wconf 80' lang='lat' dir='ltr'><strong>inpense</strong></span> <span class='ocrx_word' id='word_1_79' title='bbox 815 1833 934 1914; x_wconf 82' lang='lat' dir='ltr'><strong>eripitis,</strong></span> <span class='ocrx_word' id='word_1_80' title='bbox 948 1815 1107 1896; x_wconf 71' lang='lat' dir='ltr'><strong>consulitis</strong></span> 
     </span>
     <span class='ocr_line' id='line_1_17' title="bbox 468 1969 587 2029; baseline -0.008 -21"><span class='ocrx_word' id='word_1_81' title='bbox 468 1969 587 2029; x_wconf 83' lang='lat' dir='ltr'><strong>parum,</strong></span> 
     </span>
    </p>

    <p class='ocr_par' dir='ltr' id='par_1_10' title="bbox 306 2061 1105 2142">
     <span class='ocr_line' id='line_1_18' title="bbox 306 2061 1105 2142; baseline -0.003 -18"><span class='ocrx_word' id='word_1_82' title='bbox 306 2061 395 2124; x_wconf 73' lang='lat' dir='ltr'><strong>Haec</strong></span> <span class='ocrx_word' id='word_1_83' title='bbox 409 2062 588 2142; x_wconf 86' lang='lat' dir='ltr'><strong>reprendere</strong></span> <span class='ocrx_word' id='word_1_84' title='bbox 601 2064 632 2122; x_wconf 74' lang='lat' dir='ltr'><strong>et</strong></span> <span class='ocrx_word' id='word_1_85' title='bbox 646 2062 795 2141; x_wconf 83' lang='lat' dir='ltr'><strong>corrigere</strong></span> <span class='ocrx_word' id='word_1_86' title='bbox 809 2070 839 2123; x_wconf 87' lang='lat' dir='ltr'><strong>et</strong></span> <span class='ocrx_word' id='word_1_87' title='bbox 853 2061 1057 2124; x_wconf 72' lang='lat' dir='ltr'><strong>ebseeundare</strong></span> <span class='ocrx_word' id='word_1_88' title='bbox 1070 2064 1105 2122; x_wconf 86' lang='lat' dir='ltr'><strong>in</strong></span> 
     </span>
    </p>
   </div>
   <div class='ocr_carea' id='block_1_5' title="bbox 307 2173 1105 2366">
    <p class='ocr_par' dir='ltr' id='par_1_11' title="bbox 307 2173 1105 2366">
     <span class='ocr_line' id='line_1_19' title="bbox 467 2173 550 2236; baseline -0.024 0"><span class='ocrx_word' id='word_1_89' title='bbox 467 2173 550 2236; x_wconf 85' lang='lat' dir='ltr'>loco:</span> 
     </span>
     <span class='ocr_line' id='line_1_20' title="bbox 307 2271 1105 2366; baseline -0.004 -17"><span class='ocrx_word' id='word_1_90' title='bbox 307 2271 388 2349; x_wconf 75' lang='lat' dir='ltr'><strong>Eece</strong></span> <span class='ocrx_word' id='word_1_91' title='bbox 402 2307 459 2360; x_wconf 89' lang='lat' dir='ltr'><strong>me,</strong></span> <span class='ocrx_word' id='word_1_92' title='bbox 474 2285 572 2366; x_wconf 91' lang='lat' dir='ltr'><strong>quiid</strong></span> <span class='ocrx_word' id='word_1_93' title='bbox 588 2286 696 2346; x_wconf 62' lang='lat' dir='ltr'><strong>ficiam</strong></span> <span class='ocrx_word' id='word_1_94' title='bbox 711 2285 806 2346; x_wconf 84' lang='lat' dir='ltr'><strong>uobis</strong></span> <span class='ocrx_word' id='word_1_95' title='bbox 846 2284 901 2346; x_wconf 83' lang='lat' dir='ltr'><strong>Ae.</strong></span> <span class='ocrx_word' id='word_1_96' title='bbox 916 2285 994 2359; x_wconf 84' lang='lat' dir='ltr'><strong>Tibi,</strong></span> <span class='ocrx_word' id='word_1_97' title='bbox 1008 2294 1105 2365; x_wconf 85' lang='lat' dir='ltr'><strong>pater,</strong></span> 
     </span>
    </p>
   </div>
   <div class='ocr_carea' id='block_1_6' title="bbox 305 2399 1292 2799">
    <p class='ocr_par' dir='ltr' id='par_1_12' title="bbox 305 2399 1292 2799">
     <span class='ocr_line' id='line_1_21' title="bbox 467 2399 1292 2479; baseline 0.006 -21"><span class='ocrx_word' id='word_1_98' title='bbox 467 2399 672 2479; x_wconf 86' lang='lat' dir='ltr'><strong>permittimus</strong></span> <span class='ocrx_word' id='word_1_99' title='bbox 1127 2402 1184 2462; x_wconf 85' lang='lat'><strong>995</strong></span> <span class='ocrx_word' id='word_1_100' title='bbox 1291 2417 1292 2421; x_wconf 76' lang='grc'>’</span> 
     </span>
     <span class='ocr_line' id='line_1_22' title="bbox 306 2489 1290 2593; baseline -0.002 -18"><span class='ocrx_word' id='word_1_101' title='bbox 306 2513 380 2576; x_wconf 82' lang='lat' dir='ltr'><strong>Plds</strong></span> <span class='ocrx_word' id='word_1_102' title='bbox 393 2512 451 2572; x_wconf 86' lang='lat' dir='ltr'><strong>seis</strong></span> <span class='ocrx_word' id='word_1_103' title='bbox 465 2511 713 2592; x_wconf 81' lang='lat' dir='ltr'><strong>quidfactodpus</strong></span> <span class='ocrx_word' id='word_1_104' title='bbox 723 2520 776 2575; x_wconf 85' lang='lat' dir='ltr'><strong>est</strong></span> <span class='ocrx_word' id='word_1_105' title='bbox 816 2511 868 2574; x_wconf 87' lang='lat' dir='ltr'><strong>sed</strong></span> <span class='ocrx_word' id='word_1_106' title='bbox 879 2512 917 2574; x_wconf 91' lang='lat' dir='ltr'><strong>de</strong></span> <span class='ocrx_word' id='word_1_107' title='bbox 927 2512 1019 2573; x_wconf 72' lang='lat' dir='ltr'><strong>frdtre</strong></span> <span class='ocrx_word' id='word_1_108' title='bbox 1030 2514 1105 2593; x_wconf 94' lang='lat' dir='ltr'><strong>quid</strong></span> <span class='ocrx_word' id='word_1_109' title='bbox 1288 2489 1290 2532; x_wconf 50' lang='lat'><strong><em>⁵</em></strong></span> 
     </span>
     <span class='ocr_line' id='line_1_23' title="bbox 467 2623 722 2684; baseline 0.004 -1"><span class='ocrx_word' id='word_1_110' title='bbox 467 2623 539 2684; x_wconf 81' lang='lat' dir='ltr'><strong>fiet?</strong></span> <span class='ocrx_word' id='word_1_111' title='bbox 579 2623 634 2684; x_wconf 81' lang='lat' dir='ltr'><strong>De.</strong></span> <span class='ocrx_word' id='word_1_112' title='bbox 650 2623 722 2684; x_wconf 81' lang='lat' dir='ltr'><strong>Sino</strong></span> 
     </span>
     <span class='ocr_line' id='line_1_24' title="bbox 305 2719 1102 2799; baseline -0.001 0"><span class='ocrx_word' id='word_1_113' title='bbox 305 2738 447 2799; x_wconf 74' lang='lat' dir='ltr'><strong>theat:</strong></span> <span class='ocrx_word' id='word_1_114' title='bbox 463 2737 495 2796; x_wconf 76' lang='lat' dir='ltr'><strong>in</strong></span> <span class='ocrx_word' id='word_1_115' title='bbox 509 2737 803 2798; x_wconf 67' lang='lat' dir='ltr'><strong>istaermemnciat.</strong></span> <span class='ocrx_word' id='word_1_116' title='bbox 846 2736 902 2797; x_wconf 80' lang='lat' dir='ltr'><strong>m.</strong></span> <span class='ocrx_word' id='word_1_117' title='bbox 917 2719 1001 2796; x_wconf 73' lang='lat' dir='ltr'><strong>isne</strong></span> <span class='ocrx_word' id='word_1_118' title='bbox 1014 2744 1102 2798; x_wconf 66' lang='lat' dir='ltr'><strong>recte</strong></span> 
     </span>
    </p>
   </div>
   <div class='ocr_carea' id='block_1_7' title="bbox 464 2847 772 2911">
    <p class='ocr_par' dir='ltr' id='par_1_13' title="bbox 464 2847 772 2911">
     <span class='ocr_line' id='line_1_25' title="bbox 464 2847 772 2911; baseline 0.006 -3"><span class='ocrx_word' id='word_1_119' title='bbox 464 2847 608 2910; x_wconf 74' lang='lat' dir='ltr'><strong>Osnron.</strong></span> <span class='ocrx_word' id='word_1_120' title='bbox 623 2848 772 2911; x_wconf 82' lang='lat' dir='ltr'><strong>Pladdite.</strong></span> 
     </span>
    </p>
   </div>
   <div class='ocr_carea' id='block_1_8' title="bbox 540 3162 860 3377">
    <p class='ocr_par' dir='ltr' id='par_1_14' title="bbox 540 3162 860 3377">
     <span class='ocr_line' id='line_1_26' title="bbox 540 3162 860 3377; baseline 0 -26"><span class='ocrx_word' id='word_1_121' title='bbox 540 3162 860 3377; x_wconf 46' lang='grc'><strong>9999*</strong></span> 
     </span>
    </p>
   </div>
   <div class='ocr_carea' id='block_1_9' title="bbox 0 0 1310 3760">
    <p class='ocr_par' dir='ltr' id='par_1_15' title="bbox 0 0 1310 3760">
     <span class='ocr_line' id='line_1_27' title="bbox 0 0 1310 3760; baseline 0 2"><span class='ocrx_word' id='word_1_122' title='bbox 0 0 1310 3760; x_wconf 95' lang='lat' dir='ltr'><strong> </strong></span> 
     </span>
    </p>
   </div>
  </div>
 </body>
</html>
