2582 3762
448 337 849 436 PROLOGVS.

165 518 341 593 Posmus'u
354 527 445 602 potita
457 523 550 583 sensit
563 523 744 603 scripturim
758 543 845 584 suum

164 632 216 696 Ab
230 635 341 716 iniquis
355 636 509 698 obserutri
523 647 554 697 et
568 636 759 698 eduorsirios

163 750 283 832 Rapere
296 755 330 813 in
343 755 476 834 peiorem
490 757 606 834 purtem
622 774 714 834 quum
728 755 829 815 actuii
842 773 964 815 sumus:

162 863 281 928 Indicio
295 867 333 928 dc
346 889 406 929 sese
420 870 484 948 ipse
498 869 564 941 erit,
580 889 633 928 uos
648 868 769 937 iudices.

162 975 287 1038 Laudiu
301 999 342 1039 sn
355 979 431 1040 uitio
446 980 514 1040 deici
531 980 561 1039 id
577 980 692 1040 lactum
707 983 852 1059 operteat.
1105 983 1124 1041 5

161 1089 473 1171 Synipothnescontes
488 1092 611 1172 Diphili
626 1093 826 1155 comoediast:

161 1202 241 1265 Eam
255 1204 485 1267 &immorientis
500 1206 627 1267 Plautus
642 1206 713 1268 fecit
728 1205 876 1269 fibulam.

161 1316 201 1378 In
214 1317 333 1380 Graeca
346 1319 522 1380 adulescens
536 1324 589 1393 est,
605 1321 657 1400 qui
672 1319 773 1381 lenoni
787 1321 878 1400 cripit

161 1430 353 1493 Meretricem
369 1432 400 1492 in
415 1432 515 1512 prima
529 1432 651 1493 fibula:
673 1453 742 1494 eum
758 1432 886 1494 Plautus
900 1433 1001 1494 locum

161 1543 301 1624 Reliquit
314 1533 474 1625 integrum.
516 1567 585 1606 eum
600 1521 657 1606 hie'
665 1546 764 1606 locum
780 1548 910 1625 sumpsit
923 1545 980 1607 sibi
1083 1545 1121 1607 10

161 1655 199 1717 In
214 1656 381 1738 Adelphos,
396 1659 523 1719 uerbum
539 1658 576 1720 de
591 1659 683 1720 uerbo
697 1679 872 1738 expressum
886 1657 1007 1719 extulit

161 1770 240 1831 Eam
255 1774 309 1832 nce
322 1772 421 1833 acturi
435 1775 538 1833 sumus
553 1793 681 1833 nouam:
704 1771 870 1852 perndseitc

161 1885 331 1948 Furtumne
345 1887 459 1947 factum
475 1886 664 1947 existumetis
678 1888 716 1946 sin
732 1885 833 1946 locum

162 1999 361 2080 Reprensum,
375 2000 428 2079 qui
443 2000 624 2079 praeteritus
640 1999 867 2078 neglegentiast.

161 2111 192 2174 N
193 2135 243 2174 sm
257 2113 338 2194 qu6d
353 2113 403 2174 isti
417 2113 524 2173 dicunt
538 2112 684 2186 miliuoli
700 2112 835 2172 homines
850 2110 961 2172 n6bilis
1084 2111 1122 2172 15

161 2225 243 2287 Eum
256 2227 394 2287 idiutsre
408 2225 594 2306 adsidueque
607 2245 670 2286 unc
682 2224 831 2285 scribere:

162 2339 253 2417 Quod
268 2339 316 2400 illi
329 2338 527 2400 maledictum
541 2341 663 2400 ueniens
678 2357 739 2398 esse
753 2339 950 2410 existumant,

161 2451 240 2513 Eum
255 2453 377 2513 laudem
391 2452 441 2513 hic
454 2451 540 2513 ducit
553 2455 738 2524 mixumsm,
750 2471 840 2530 quom
853 2449 915 2510 illis
930 2449 1040 2530 placet,

161 2565 225 2643 Qui
239 2566 536 2627 u6bisuniu61siset
549 2566 662 2646 populo
676 2564 807 2645 placent,

161 2679 301 2757 Quorum
315 2682 407 2759 tpers
420 2680 453 2740 in
467 2679 557 2753 bello,
571 2680 604 2739 in
618 2679 689 2752 ctio,
703 2677 736 2738 in
750 2677 871 2756 negttio
1081 2677 1121 2739 20

159 2791 222 2854 Suo
236 2793 364 2873 quisquc
378 2800 512 2872 tempore
526 2795 611 2853 iisust
623 2791 688 2852 sine
702 2790 853 2871 superbia.

159 2905 281 2967 Dehinc
294 2925 333 2966 ne
346 2906 510 2985 expectetis
524 2908 736 2985 trgumentum
751 2902 893 2965 fibulae:

157 3017 250 3080 Senes
264 3016 318 3099 qui
331 3018 422 3098 primi
437 3018 568 3092 uenient,
582 3018 609 3079 ei
625 3026 744 3097 partem
758 3017 904 3096 iporient,

158 3130 197 3191 In
212 3130 330 3210 agendo
344 3140 462 3210 partem
476 3131 643 3192 ostendent.
684 3131 775 3192 facite
788 3129 1010 3209 acquinimitss

158 3244 178 3282 s
260 3243 279 3281 s
360 3244 378 3280 s
460 3244 477 3280 s
560 3244 576 3281 s
668 3244 686 3280 s
776 3243 794 3279 s
885 3242 902 3278 s
993 3241 1010 3277 s

156 3323 272 3387 Poetae
286 3323 532 3386 adscribendum
547 3326 657 3404 augeat
670 3322 861 3384 iudustriam.
1079 3320 1118 3376 25

174 3427 184 3446 ’
980 3429 1013 3480 71
