2604 3778
156 202 197 266 22
504 221 542 269 P.
565 221 760 268 Teanam
986 202 1068 290 [Act
1083 205 1114 272 1.

155 378 215 458 My.
236 378 343 440 Vnum
364 375 421 438 hcc
441 376 511 450 scio,
526 397 587 438 cese
606 377 754 452 meritam,
768 386 805 439 ut
825 381 1035 440 memorasses

395 490 451 552 sui.

156 606 211 666 Pa.
236 604 355 666 Memor
378 605 491 664 essem?
526 603 553 665 Ο
578 604 675 684 Mysis
703 603 808 685 Mysis,
833 605 925 666 etiam
953 607 1035 667 nine

395 717 471 777 mihi

236 831 357 913 Scripta
370 831 426 893 ssla
441 831 525 893 dicta
538 835 608 893 efint
622 833 654 892 in
668 833 770 893 animo
785 832 943 913 Chrysidis

237 946 286 1007 De
300 943 451 1025 Glycerio.
492 944 554 1005 iam
569 944 662 1006 ferme
683 945 811 1006 moriens
826 948 874 1006 me
888 954 994 1007 uocat:

236 1057 376 1119 Accessi:
398 1078 451 1118 uos
464 1061 603 1119 aemttae.
646 1057 710 1119 Nos
725 1058 798 1120 noli:
819 1058 928 1138 incipit
1056 1059 1114 1118 285

237 1169 302 1231 ‘Mi
325 1169 495 1250 Pamphile,
520 1170 611 1232 huius
636 1171 764 1232 ffirmam
789 1181 880 1251 atque
904 1174 1034 1233 aetatem

396 1282 495 1346 uides:

238 1397 304 1460 Nec
325 1396 403 1459 clam
424 1407 454 1459 te
474 1407 528 1473 est,
542 1418 634 1478 quam
655 1398 703 1459 illi
725 1400 805 1459 minc
826 1406 972 1478 utraeque
992 1397 1036 1457 in-

397 1512 487 1574 miles
602 1511 606 1520 '

237 1625 282 1687 Et
294 1625 333 1687 ad
346 1625 525 1706 pudicitiam
539 1629 570 1688 et
583 1625 623 1687 ad
636 1647 700 1687 rem
715 1626 875 1687 tutandam
888 1625 974 1687 sient

238 1740 331 1818 Quod
344 1743 400 1821 ago
412 1760 467 1820 per
480 1740 560 1800 hanc
579 1748 608 1801 te
628 1739 768 1800 dextram
789 1759 842 1800 oro
863 1747 893 1800 et
913 1738 1035 1818 genitim

399 1861 493 1927 tuom,

237 1969 298 2031 Per
311 1969 396 2030 tuam
409 1967 500 2028 fidem
513 1988 626 2048 perque
640 1967 730 2028 hiiius
744 1967 937 2028 solitfidinem
1057 1964 1115 2024 290

237 2081 282 2142 Te
295 2080 434 2152 obtestor,
443 2099 481 2140 ne
492 2078 546 2139 abs
557 2087 586 2141 te
597 2078 677 2140 hanc
691 2082 825 2159 segreges
837 2098 895 2138 neu
908 2077 1034 2138 deseras.

238 2194 272 2254 Si
286 2203 316 2255 te
329 2195 362 2254 in
376 2192 513 2274 garmani
527 2192 628 2253 fratris
643 2191 740 2253 dilexi
753 2191 820 2254 loco

237 2312 309 2374 Siue
322 2311 397 2371 haec
411 2315 441 2368 tc
454 2304 552 2366 solum
566 2309 683 2386 semper
698 2306 769 2366 fecit
783 2303 920 2365 maxumi
1048 2375 1058 2392 ·

237 2427 297 2489 Seu
310 2425 368 2488 tibi
382 2425 531 2506 morigera
544 2423 603 2484 fcit
617 2422 649 2482 in
663 2420 752 2482 rebus
766 2418 913 2491 amnibus,

237 2539 280 2599 Tc
294 2537 345 2600 isti
358 2536 460 2598 uirum
474 2536 522 2610 do,
537 2535 669 2597 amicum
680 2533 815 2620 tutorem
830 2538 964 2609 patrem:
1056 2527 1115 2586 295

237 2652 325 2714 Bona
338 2654 442 2713 n6stra
458 2651 533 2712 haec
548 2649 604 2710 tibi
618 2631 761 2728 permitto
782 2653 813 2705 et
833 2653 904 2704 tuae
924 2641 1035 2704 mande

397 2763 475 2825 fida’

237 2879 330 2942 Hanc
344 2877 387 2938 mi
399 2878 433 2938 in
448 2897 572 2937 manum
587 2875 657 2936 dat:
680 2875 759 2934 mars
781 2870 924 2931 continuo
938 2868 1035 2948 ipsam

398 2993 535 3070 cccupat.

238 3104 370 3186 Accepi:
404 3112 561 3183 acceptam
588 3099 723 3162 scruabo.
775 3097 836 3176 My.
872 3094 922 3155 Ita
949 3095 1036 3173 aperti

398 3217 530 3299 quidem.

157 3335 212 3395 Pa.
236 3333 380 3413 Propera
422 3338 514 3409 atque
527 3327 642 3389 aidini

237 3446 377 3509 Verbum
391 3446 486 3506 finum
501 3464 575 3505 caue
589 3442 627 3503 de
640 3441 763 3522 nfiptiis,
777 3460 816 3501 na
836 3438 876 3500 ad
896 3439 1036 3502 m6rbum

397 3559 455 3621 hoc
469 3559 570 3619 etiam.
612 3557 673 3637 My.
695 3557 803 3618 Teneo.
1058 3553 1118 3614 300
