2612 3760
136 171 264 239 SolX.
276 171 389 259 1-28.]
494 188 750 240 Anaueuoa.
1039 173 1098 238 131

137 345 195 408 De.
220 344 355 408 Gaudeo.
398 344 453 408 Ae.
467 345 511 408 Et
524 367 588 427 ege.
629 347 677 426 Sy.
693 346 808 408 Credo:
830 345 948 408 utinam
963 346 1022 408 hoe

380 462 557 540 perpetuom
571 460 626 521 fiat
639 460 822 540 gaudium·
881 525 883 530 ,

219 570 387 653 Phrygiam
398 581 434 633 ut
447 575 574 633 uxorem
585 593 685 634 meam
696 593 758 633 uua
769 574 887 632 meeum
899 572 1020 634 uideam

380 684 516 745 liberam.

136 796 195 858 De.
220 778 388 879 Optumum
409 775 532 878 quidem
553 797 719 857 mulierem.
761 796 809 877 Sy.
835 795 877 857 Et
898 797 1020 878 quidem

382 913 435 971 tuo
449 910 551 989 nepoti
566 909 657 970 huius
671 910 740 971 filio

220 1024 323 1086 Hodie
333 1025 433 1106 prima
444 1027 608 1086 mammam
617 1026 701 1086 dedit
711 1025 794 1086 haee.
836 1025 891 1086 De.
906 1024 1021 1086 Hercle

381 1159 454 1200 uero
469 1139 555 1211 serio,
1042 1139 1101 1201 975

220 1249 378 1331 Siquidem
405 1251 506 1330 prima
534 1249 627 1324 dedit,
652 1249 735 1310 haud
763 1249 919 1322 dubiumst
947 1250 1022 1329 quiu

382 1364 480 1425 emitti
494 1366 623 1444 aequom
636 1363 700 1424 siet.

139 1476 197 1538 Mi.
222 1455 273 1538 6b
294 1497 361 1538 eam
382 1478 468 1538 rem?
508 1475 564 1538 De.
585 1476 635 1538 Ob
656 1497 742 1537 eam:
763 1479 913 1556 postremo
934 1496 953 1537 a
973 1496 1022 1537 mo

330 1622 336 1645 ι
384 1593 544 1671 argeutum
558 1590 692 1670 quantist
708 1590 827 1651 sdmito.

138 1701 189 1783 Sy.
221 1701 267 1762 Di
286 1703 352 1776 tibi,
374 1702 499 1774 Demea,
519 1702 622 1763 bmuia
643 1721 745 1762 omues
773 1704 890 1782 semper
916 1710 1023 1783 optata

384 1813 519 1874 offerant.

139 1927 197 1990 Mi.
222 1927 307 2008 Syre,
326 1915 494 2008 processisti
509 1927 598 1988 hodie
611 1927 747 2008 pulchre.
788 1927 843 1988 De.
865 1927 1021 2008 Siquidem

383 2062 482 2121 porro,
497 2040 600 2115 Micio,

223 2153 271 2216 'ht
297 2163 383 2216 tuom
412 2154 543 2215 officium
571 2153 670 2228 facies,
694 2161 785 2232 atque
809 2152 882 2213 huie
906 2153 1022 2234 aliquid

386 2269 514 2350 paulum
535 2271 608 2349 prae
629 2288 721 2329 mauu
1043 2269 1103 2330 980

222 2380 360 2455 Dederis,
384 2382 465 2442 uude
494 2382 614 2440 utatur:
637 2379 741 2440 reddet
769 2378 827 2441 tibi
855 2379 923 2440 cito.
966 2380 1021 2442 Mt.

384 2493 464 2555 Istoc
486 2494 587 2554 uilius.

139 2608 196 2670 Aa
221 2607 319 2688 Frugi
339 2608 466 2669 homost.
507 2608 554 2688 Sy.
578 2608 717 2669 Reddam
738 2608 848 2681 hercle,
864 2609 904 2669 da
924 2608 1044 2678 modo„

384 2721 437 2783 Ae.
454 2714 532 2802 lige,
547 2731 641 2801 pater.
683 2722 738 2782 Mt.
753 2721 826 2782 Post
840 2721 1003 2782 consulam.

141 2839 200 2901 De.
224 2837 339 2900 Faciet.
381 2837 428 2918 Sy.
453 2836 482 2898 Ο
507 2837 556 2897 uir
580 2840 711 2917 optume.
752 2836 806 2898 Ae.
828 2836 857 2898 Ο
877 2838 1022 2917 paterini

383 2951 593 3012 festiuissume.

140 3068 197 3129 Mi.
224 3065 311 3144 Quid
330 3066 429 3127 istuc?
450 3086 527 3145 quae
548 3085 595 3126 res
616 3067 678 3125 tdm
699 3074 821 3145 repente
843 3068 938 3126 mores
959 3086 1023 3126 mu·

384 3182 465 3241 teuit
479 3180 568 3240 tuos?

223 3293 314 3372 Quod
329 3292 528 3374 prolubium?
542 3295 619 3371 quse
634 3292 725 3351 istaec
739 3289 868 3350 subitost
878 3289 1024 3368 largitas?

383 3405 440 3467 De.
455 3404 565 3464 Dicam
579 3401 652 3463 tibi:
1045 3398 1104 3458 985
