2604 3778
166 172 211 236 40
515 185 554 232 Ρ.
577 185 771 230 ruaauur
948 165 1030 252 [Act
1052 166 1126 233 III.
1259 225 1261 228 .

173 341 223 406 Oh»
244 340 330 420 Quid
343 339 432 402 istie?
472 340 497 401 si
518 340 562 401 ita
582 340 660 401 istue
679 339 815 400 animum
836 338 960 401 induxti
984 360 1046 402 osse

407 452 493 526 utile,

247 563 329 626 Nola
342 564 399 626 tibi
413 564 512 625 ullum
527 563 719 626 etmmodum
734 563 766 623 in
781 583 830 624 me
843 563 987 626 claudier.

167 677 210 742 Si.
248 676 360 739 Merita
373 687 403 738 te
417 698 534 758 semper
548 677 686 738 maxumi
700 677 769 749 feei,
784 675 936 738 Chremes.

174 790 224 855 05.
244 790 303 854 Sed
324 790 400 871 quid
426 792 494 852 ais?
534 791 577 852 si.
599 790 705 867 Quid?
751 789 801 852 05.
823 789 888 866 Qui
914 791 972 851 seis
998 811 1047 851 eos

408 924 491 964 nune
504 904 678 965 discordare
692 903 772 964 inter
785 904 838 963 se?
1007 897 1010 901 ’
1068 903 1129 964 575

168 1017 211 1081 Si
248 1015 336 1097 Ipsus
349 1016 425 1077 mihi
439 1017 553 1091 Dauos,
564 1017 617 1097 qui
631 1017 783 1077 intumust
793 1016 896 1076 eorum
908 1016 1058 1090 consiliis,-

410 1129 507 1190 dixit:

249 1241 292 1303 Et
311 1243 338 1302 is
357 1242 434 1302 mihi
454 1242 561 1303 suadet
580 1241 703 1322 nuptias
724 1241 873 1321 quantum
891 1262 1000 1321 queam
1014 1250 1050 1302 ut

409 1357 568 1416 maturam.

250 1467 335 1529 Num
355 1469 455 1528 (tenses
475 1467 597 1541 faceret,
617 1467 720 1528 fflium
742 1466 801 1526 nisi
828 1467 920 1529 sciret
944 1468 1049 1529 eadem

410 1579 486 1640 haee
499 1579 604 1641 uelle?

251 1695 329 1761 Tute
340 1694 413 1756 adeo
424 1695 486 1756 iam
497 1695 560 1756 eius
571 1694 666 1756 uerba
679 1693 792 1755 audies.
833 1694 917 1769 heus,
927 1703 1051 1758 euoeate

411 1808 472 1870 huc
493 1808 624 1870 Dauom.

251 1919 356 2000 Atque
369 1923 491 1982 eccum:
513 1921 602 1982 uideo
616 1921 717 2001 ipsum
731 1922 812 1984 foras
826 1923 919 1984 exire.

421 2150 544 2213 Divos.
586 2150 678 2214 Suro.
721 2152 890 2214 Gnarum

173 2283 233 2344 Da.
253 2282 306 2344 Ad
319 2290 350 2343 te
363 2280 454 2342 ibam.
494 2281 537 2342 St.
559 2281 644 2358 Quid
659 2285 781 2344 namst?
1072 2283 1134 2344 580

173 2397 233 2459 Da.
255 2397 343 2474 Quor
356 2398 434 2457 uxor
444 2416 504 2456 non
519 2396 699 2456 arcessitur?
739 2397 802 2457 iam
820 2397 1050 2478 aduesperaseit.

412 2509 454 2571 si.
476 2508 605 2570 Audin?

253 2626 321 2707 Ego
335 2625 452 2686 dudum
464 2645 526 2685 uon
540 2624 585 2685 nil
599 2625 714 2686 ueritus
734 2645 811 2700 sum,
827 2625 925 2700 Daue,
941 2626 994 2687 abs
1012 2635 1051 2699 te,

412 2760 451 2800 ne
464 2738 576 2799 faceres
590 2739 681 2812 idem,

254 2850 347 2929 Quod
363 2851 471 2931 utlgus
490 2853 645 2912 seruorum
665 2850 751 2924 solet,
766 2851 845 2912 dolis
859 2861 893 2913 ut
907 2873 955 2913 me
969 2851 1050 2913 delu-

414 2964 507 3039 dereS,

254 3079 418 3158 Propterea
439 3079 519 3159 quod
540 3087 623 3141 amat
643 3080 737 3142 fflius.
778 3081 839 3142 Da.
860 3081 950 3162 Egon
973 3083 1052 3142 istuc

414 3191 565 3251 facerem?
603 3192 646 3252 si.
667 3192 810 3253 Credidi:

255 3299 353 3380 quue
362 3301 435 3362 adeo
444 3310 579 3362 metuens
587 3305 641 3364 uas
650 3303 844 3384 celaui,qu6d
853 3326 934 3367 nune
942 3307 1051 3368 dicam.

415 3411 475 3472 Da.
496 3412 603 3489 Quid?
641 3414 683 3474 δι’.
704 3413 805 3475 Scies:
1073 3420 1134 3480 585
