2612 3760
199 87 262 152 128
548 103 587 152 Ρ.
610 104 802 150 reseram
1009 89 1089 174 [Act
1104 87 1149 159 V.

198 259 252 320 Mi.
278 259 356 322 Scio.
391 260 447 322 Dc.
462 260 573 322 Parere
587 260 648 322 iam
663 261 716 321 diu
730 260 805 322 haec
822 281 876 341 per
896 279 991 321 annos
1011 261 1073 319 nim

436 381 552 451 potest:

277 485 342 546 Nec
369 485 421 566 qui
449 487 515 545 eam
544 485 684 564 respiciat
708 487 866 565 quisquam
891 494 951 546 est:
971 486 1070 547 solast

436 595 491 656 Mi.
507 594 610 671 Quam
625 595 675 655 hic
690 615 753 656 rem
768 595 852 674 agit?

196 681 253 768 De.
278 705 1070 786 Hancteeequomstdueere‚ette0peramutfiatdare.

196 820 251 881 Mt.
276 819 328 880 Me
352 819 460 881 decere
485 820 609 880 autem?
650 819 706 880 De.
729 819 780 879 Te.
822 819 876 880 Mi.
900 819 974 879 Me?
1015 819 1070 881 De.

436 929 479 991 Te
492 930 626 1010 inquam.
670 929 724 990 Mi.
740 929 864 1009 Ineptis.
907 929 962 990 De.
984 930 1015 991 si
1037 939 1070 990 tu

434 1045 474 1104 sis
488 1042 587 1116 homo,
809 1101 812 1106 .

276 1155 339 1216 Hic
349 1155 450 1217 faciat
491 1154 545 1216 Ae.
561 1155 607 1216 Mi
621 1159 716 1236 pater.
758 1155 813 1216 Mi.
829 1155 912 1232 Quid
924 1166 958 1216 tu
969 1165 1070 1216 autem

434 1268 515 1342 huic,
530 1268 620 1342 asine,
635 1268 808 1329 auscultas?
848 1267 904 1328 Dc.
920 1267 974 1328 Nss
989 1269 1069 1347 agis:
1092 1268 1147 1328 935

275 1379 358 1442 Fieri
372 1379 461 1440 aliter
471 1400 531 1440 non
542 1382 648 1459 potest.
691 1378 745 1439 Ma
761 1377 890 1439 Deliras
932 1378 985 1440 Ae.
1000 1379 1072 1440 Sine

434 1501 465 1554 te
479 1513 609 1567 exorem,
624 1494 669 1552 mi
682 1501 777 1573 pater.

195 1609 250 1670 Mi.
275 1607 412 1668 Insimis:
447 1607 541 1668 aufer.
590 1606 646 1668 De.
676 1599 753 1686 A'ge,
777 1605 818 1666 da
845 1606 965 1667 ueniam
995 1605 1070 1667 fflio.

435 1719 490 1780 Mt.
512 1697 597 1780 Satin
618 1721 707 1780 sanus
728 1720 779 1780 es?

275 1831 342 1912 Ego
356 1835 449 1894 n6u0s
460 1831 587 1892 maritus
601 1833 680 1892 anno
691 1831 811 1892 demum
824 1832 931 1911 quinto
945 1839 975 1892 et
988 1852 1072 1892 sexa-

434 1947 578 2023 gensumo

274 2057 363 2118 Fiam
375 2059 466 2136 atque
476 2076 569 2116 anum
581 2055 764 2136 decrepitam
777 2055 907 2117 ducam?
922 2056 991 2116 idne
1001 2055 1071 2116 estis

435 2174 571 2232 auctores
586 2171 680 2232 mihi?

194 2289 247 2349 Ae.
276 2287 357 2348 Fac:
378 2284 502 2366 premisi
521 2304 576 2364 ego
596 2283 666 2345 illis.
708 2285 763 2345 Mi.
785 2285 927 2347 Premisti
948 2286 1071 2346 autem?

436 2397 474 2458 dc
487 2405 518 2458 tc
531 2396 666 2476 largiter,
681 2418 764 2477 puer.
1092 2397 1151 2459 940

193 2513 249 2576 De.
274 2511 352 2592 Age,
363 2510 437 2591 quid
448 2509 549 2589 siquid
559 2517 590 2570 te
600 2508 697 2570 maius
708 2510 795 2571 oret?
836 2509 890 2570 Mi.
904 2509 1076 2588 Quisinon-

431 2621 489 2682 hoc
502 2622 542 2682 sit
555 2623 743 2682 maxumum.

192 2739 249 2799 De.
275 2736 325 2798 Da
338 2735 469 2796 ueniam.
511 2735 564 2794 Aa.
586 2733 634 2794 Ns
655 2737 789 2812 grauere.
831 2734 887 2795 De.
909 2733 982 2807 Fac,
1004 2754 1070 2815 pro·

434 2849 529 2909 mitte.
571 2846 626 2906 Mi.
642 2845 713 2906 Non
728 2847 888 2908 omittitis?

192 2968 246 3030 Ae.
275 2965 355 3040 Non,
369 2965 428 3026 nisi
442 2974 472 3026 te
486 2984 616 3026 exorem.
658 2963 713 3025 Mi.
729 2962 787 3026 Vis
799 2973 843 3026 est
854 2964 928 3026 haec
940 2964 1069 3043 quidem.

368 3112 372 3118 ·
431 3077 487 3134 De.
502 3069 570 3152 A'ge
584 3075 712 3152 prolixe,
723 3075 826 3137 Micic.

191 3183 246 3244 Mi.
272 3184 339 3244 Etsi
349 3185 407 3245 hcc
417 3185 493 3244 mihi
503 3203 631 3264 prauam
645 3183 784 3264 ineptum
798 3187 964 3250 absurdum
979 3197 1069 3269 atque

396 3320 398 3322 ·
430 3291 563 3354 alienum
577 3313 597 3354 a
610 3293 675 3354 uita
689 3313 757 3358 mea
