2612 3760
164 219 228 284 120
513 233 552 281 P.
575 231 770 279 sussum
972 211 1054 298 [Act
1076 213 1126 284 V.

243 391 413 466 ocaelum,
428 411 446 452 o
459 399 582 465 terrac
603 391 700 451 maria
719 389 866 469 Neptuni.
908 388 963 449 Mi.
982 373 1042 449 Em

404 505 470 579 tibi,
1064 503 1126 565 790

244 619 382 682 Resciuit
395 638 515 679 omnem
530 638 611 678 rem:
632 617 665 676 id
679 637 760 677 nuuc
775 616 888 677 clamat
902 616 1032 676 scilicet:

244 732 375 792 Paratae
402 730 489 791 lites:
524 730 795 790 succurrendumst.
843 729 898 788 De.
928 712 1042 788 Eccum

403 845 488 906 adest

244 961 419 1023 Communis
432 958 604 1037 corruptela
618 967 754 1018 nostrum
768 956 908 1017 liberum.

165 1076 219 1136 Mi.
245 1075 379 1136 Tandem
395 1074 525 1153 reprime
538 1071 727 1132 iracundiam
742 1079 833 1150 atque
847 1071 887 1131 ad
901 1073 931 1130 te
945 1069 1017 1130 redi.

164 1191 220 1253 De.
246 1191 394 1270 Repressi‚
410 1190 494 1262 redii,
509 1190 597 1249 mitto
613 1187 774 1247 maledicta
789 1187 906 1246 Omnia:
1063 1186 1123 1247 795

246 1305 323 1364 Rem
348 1303 444 1382 ipsdm
469 1309 617 1381 putemus.
661 1300 778 1359 dictum
803 1298 860 1358 hoc
884 1299 964 1359 inter
989 1300 1042 1358 n6s
1154 1336 1159 1344 ·

405 1415 466 1476 fuit

246 1531 312 1602 (Ex
325 1539 355 1591 te
369 1529 471 1591 adeost
484 1526 610 1602 ortum),
624 1531 662 1589 ne
676 1537 710 1589 tu
724 1531 845 1589 curares
860 1548 961 1590 meum
992 1568 994 1572 ,

153 1627 159 1734 ἶ
244 1646 331 1706 Neue
344 1647 399 1723 ego
412 1645 520 1705 tuom?
533 1643 687 1722 respdnde.
731 1642 786 1702 Mi.
802 1642 969 1718 Factumst,
979 1645 1041 1704 ndu

405 1777 490 1836 nega.

164 1870 220 1931 De.
246 1870 333 1947 Quor
346 1872 426 1930 nunc
440 1869 522 1949 apud
536 1877 566 1929 te
580 1869 687 1949 pdtat?
708 1835 785 1950 quor
799 1869 906 1950 recipis
920 1859 1043 1932 meum?

245 1983 332 2061 Quor
345 1983 419 2044 emis
433 1983 572 2055 amicam,
587 1982 704 2043 Micio?
724 1986 855 2062 numqui
869 1985 969 2046 minus
1064 1988 1125 2049 800

244 2074 325 2157 Mihi
352 2097 433 2157 idem
461 2095 508 2156 ius
535 2105 691 2175 aequomst
714 2097 877 2177 essequod
898 2101 1044 2162 mccdmst

405 2209 484 2271 tibi?

245 2323 378 2403 Quando
391 2327 446 2404 ego
461 2332 545 2384 tuom
559 2344 620 2384 non
635 2326 717 2400 curo,
733 2347 771 2388 ue
785 2330 858 2389 cura
872 2349 981 2392 meum.
1062 2353 1067 2360 ·

164 2443 219 2504 Mt.
244 2441 314 2502 Non
327 2441 548 2522 aequomdicis.
590 2442 645 2502 Dc.
661 2441 753 2504 Ncn?
794 2444 849 2505 Mi.
864 2445 946 2506 Nam
956 2455 1044 2508 uetus

404 2551 532 2612 uerbum
546 2552 603 2614 h6c
618 2554 776 2633 quidemst,

243 2666 424 2728 Communia
437 2687 499 2727 esse
512 2667 680 2729 amicorum
695 2669 774 2729 inter
787 2690 818 2730 se
832 2671 943 2733 dmnia.

164 2780 220 2841 Da.
245 2780 374 2841 Facete:
396 2800 477 2841 nunc
491 2780 613 2841 demum
628 2783 720 2842 istaec
734 2792 807 2844 nata
821 2785 953 2847 crdtiost.
1064 2787 1123 2848 805

163 2893 218 2954 Mi.
243 2891 394 2954 Ausculta
407 2893 521 2973 paucis,
536 2894 595 2954 nisi
610 2895 806 2970 molestumst,
822 2896 947 2959 Demea.

244 3004 408 3084 Principio,
423 3005 448 3066 si
462 3005 494 3066 id
509 3015 539 3067 te
553 3007 679 3080 mdrdet
693 3016 849 3087 sumptum
863 3009 924 3069 fflii

243 3117 343 3190 Quem
357 3117 481 3188 faciunt,
495 3138 605 3196 quaeso
619 3118 676 3179 hoc
690 3119 781 3180 facito
795 3128 896 3181 tecum
911 3123 1041 3202 cdgites:

242 3225 288 3283 Tu
303 3226 372 3284 illts
386 3226 446 3285 duo
461 3227 534 3286 olim
548 3231 603 3305 prt
619 3250 651 3289 re
665 3230 792 3292 tollebds
806 3241 869 3306 tua,

242 3332 333 3405 Quod
347 3335 418 3393 satis
432 3323 561 3411 mutabas
575 3339 629 3397 tda
644 3339 724 3400 bona
737 3342 883 3403 ambobus
903 3344 977 3419 fore,
1060 3347 1120 3411 810

242 3437 284 3496 Et
297 3443 345 3498 me
358 3449 424 3499 tum
439 3462 565 3504 uxorem
579 3449 734 3511 credidisti
747 3453 864 3514 scilicet
