2612 3760
160 104 490 192 Se.1V.18-V.21.]
519 124 774 176 Anmcpnom.
1064 115 1125 178 111

243 278 344 340 Tacet.
386 283 463 360 quir
475 301 535 342 uon
550 279 623 342 ludo
634 281 716 344 hunc
730 282 970 363 eliquantisper?
984 286 1044 345 me·

406 394 464 456 lius
479 403 532 468 est,

246 505 500 588 Quandiquidem
525 509 583 569 hoc
606 528 772 589 numquam
794 509 837 570 mi
858 511 922 590 ipse
947 510 1047 572 uoluit

252 689 255 698 .
406 621 514 682 dicere.
936 702 939 707 Ι
1066 625 1125 686 640

245 734 299 796 Nil
317 736 396 796 mihi
415 737 596 816 responde-i?
637 736 690 799 Ae.
712 735 782 797 Nim
804 737 943 818 equidem
964 738 1045 812 istas,

315 863 317 866 ·
406 849 487 928 quid
501 850 604 911 sciam.

158 961 219 1023 Mi.
244 960 311 1022 lta:
332 963 404 1022 nim
420 960 563 1035 mirabar,
578 963 652 1042 quid
668 962 717 1023 hic
732 963 834 1042 negoti
848 967 924 1025 esset
938 964 1004 1026 tibi.

245 1074 395 1136 Erubuit:
417 1075 504 1135 salua
518 1078 565 1136 res
580 1085 631 1136 est.
673 1075 728 1136 Ac.
743 1076 803 1138 Dic
816 1077 911 1151 codem,
925 1088 1021 1158 pater,

245 1184 315 1246 Tibi
329 1189 402 1247 uero
416 1186 490 1267 quid
509 1187 576 1248 istic
590 1191 636 1248 est
650 1188 714 1248 rei-l
754 1188 808 1248 Mi.
830 1188 886 1249 Nil
907 1198 947 1251 cci
968 1191 1045 1251 mihi
1084 1241 1092 1256 .

406 1297 538 1379 quidem.
1120 1293 1121 1298 ’

244 1412 374 1474 Amicus
387 1412 511 1492 quidam
527 1433 574 1472 me
588 1415 606 1474 6
620 1413 685 1474 foro
700 1412 831 1474 abduxit
845 1415 935 1475 modo
1066 1416 1125 1476 645

246 1524 319 1584 Huc
346 1524 529 1584 ‹iduocatum
557 1524 624 1586 sibi.
667 1525 719 1586 Ae.
749 1526 855 1603 Quid?
895 1526 950 1587 Mi.
978 1527 1045 1607 Ego

405 1634 504 1695 dicim
518 1634 592 1696 tibi:

245 1748 400 1810 Habitent
412 1748 464 1810 hic
478 1749 628 1830 quaedam
643 1749 784 1811 milieres
798 1751 1019 1832 pauperculae:

244 1861 291 1924 Vt
305 1862 413 1942 opinor
425 1860 481 1921 has
495 1881 556 1923 non
571 1863 656 1922 nisse
670 1870 709 1936 te,
723 1870 754 1922 et
768 1865 850 1924 certi
864 1863 943 1925 scio:

244 1975 353 2057 Neque
362 1977 443 2036 euim
457 1975 511 2036 diu
525 1975 585 2036 huc
600 1976 846 2056 commigriru'nt.
888 1975 941 2038 Ac.
957 1977 1043 2053 Quid

404 2096 470 2149 tum
485 2089 610 2168 pistee?

160 2206 219 2269 Mi.
243 2203 342 2284 Virgo
358 2205 404 2265 est
421 2223 490 2264 cum
508 2212 614 2264 matre.
656 2202 711 2265 Ac.
732 2202 837 2284 Perge.
878 2203 934 2265 Mi.
956 2202 1044 2266 Haec

404 2317 491 2396 uirgo
505 2313 606 2377 orbist'
619 2325 724 2396 patre:
1063 2319 1122 2380 650

243 2431 307 2494 Hic
320 2434 404 2492 meus
418 2428 533 2489 amicus
548 2428 594 2489 illi
608 2437 744 2509 generest
757 2431 942 2508 pr6xumuu:

243 2543 328 2605 Huic
354 2542 434 2622 leges
462 2548 574 2620 cogunt
601 2540 714 2601 nibere
741 2541 830 2602 hunc.
872 2541 926 2601 Ae.
950 2539 1042 2603 Perii.

404 2653 459 2716 Mi.
475 2653 560 2730 Quid
574 2654 639 2714 est?
706 2678 708 2684 ·

161 2770 215 2832 Ac.
243 2768 318 2831 Nil:
348 2771 446 2830 recte:
481 2786 580 2846 perge.
623 2766 678 2827 Mi.
707 2764 738 2826 Is
766 2764 851 2826 uenit
878 2775 914 2828 ut
940 2785 1041 2827 secum

398 2880 531 2950 iuehat:

241 2993 324 3056 Nam
347 2975 600 3055 habitet'Mileti.
641 2991 695 3052 Ae.
720 2990 812 3065 Hem,
833 2990 983 3070 uirginem
1008 2999 1072 3090 ut,

402 3127 504 3169 seeum
518 3107 650 3168 iuehat?

160 3220 217 3284 Mi.
242 3219 293 3283 Sic
306 3223 359 3282 est.
401 3218 453 3281 Ac.
467 3218 611 3280 Miletum
622 3239 716 3299 usque
727 3217 872 3280 ebsecro?
912 3216 968 3277 Mi.
984 3215 1041 3277 Ita.

402 3331 458 3398 Ae.
473 3331 586 3396 Animi)
600 3331 716 3394 malest.
1063 3324 1121 3414 655
