2612 3760
172 211 429 297 Scins-48]
528 228 784 274 ADELPHOE.
1076 210 1136 272 121

256 386 449 447 Duetfirum:
471 385 599 446 eandem
619 384 706 445 illam
729 384 877 445 ritionem
899 383 1058 464 antiquam

416 498 537 559 6btine:

255 613 419 687 Conserua,
433 634 552 694 quaere,
566 614 664 691 piros,
679 611 728 672 fae
743 633 834 692 quam
849 612 1018 692 plnrimum

255 727 324 788 nns
339 726 510 805 relinquas:
531 725 660 805 grenan
674 733 709 784 tu
726 724 815 784 istam
830 695 940 786 'estius

255 840 336 913 Mea,
351 842 429 920 quae
442 850 563 918 praeter
576 859 660 917 spem
674 841 809 913 euenere,
824 840 950 899 utantr'rr
964 839 1037 900 sine.
1078 840 1137 900 815

199 939 202 945 ¹
255 953 305 1015 De
318 955 436 1014 stimma
450 952 496 1012 nil
510 952 650 1016 decedet:
672 951 753 1031 quod
766 951 838 1012 hine
852 953 1016 1026 accesserit,

256 1067 295 1127 Id
309 1067 347 1127 de
360 1066 445 1126 lucro
459 1068 566 1146 puttto
580 1086 642 1126 esse
655 1086 752 1126 omne.
792 1064 868 1126 haee
880 1065 908 1126 si
921 1064 1003 1125 uoles

256 1179 295 1239 In
310 1182 410 1241 inimo
425 1200 496 1240 uere
511 1179 652 1258 negitare,
667 1178 792 1252 Demea,

257 1295 301 1355 Et
314 1294 357 1353 mi
371 1296 401 1354 et
415 1293 472 1354 tibi
486 1301 516 1354 et
530 1292 592 1353 illis
607 1292 769 1370 dempseris
784 1291 961 1354 molestiam.

223 1409 349 1473 .Mitt6
386 1429 467 1470 rem:
507 1406 752 1469 eonsuetridinem
792 1389 934 1487 ipsorsim.
997 1407 1079 1496 Mi„

419 1522 530 1583 Mane:
850 1563 859 1580 .
1077 1520 1137 1580 820

157 1622 160 1626 ’
257 1635 342 1696 Scio:
364 1635 442 1695 istuc
456 1634 547 1696 ibam.
588 1632 686 1694 milite
699 1634 731 1694 in
745 1634 876 1708 homine,
891 1633 1016 1707 Demea,

257 1748 352 1829 Signa
365 1750 479 1822 insunt,
494 1768 533 1808 ex
547 1747 656 1827 quibus
671 1748 845 1808 etniecturs
858 1746 947 1807 sicile
961 1747 1004 1820 fit,

257 1859 330 1921 Duo
345 1863 435 1940 quem
451 1859 532 1921 idem
547 1860 673 1932 faciunt,
688 1861 776 1937 saepe
789 1870 825 1919 ut
838 1858 931 1938 possis
945 1858 1045 1919 dicere

259 1973 347 2034 ‘Hoc
361 1973 434 2034 licet
448 1973 562 2052 inpune
577 1974 675 2034 ficere
688 1972 768 2045 huic,
783 1971 830 2031 illi
844 1975 905 2032 n6n
919 1971 1008 2046 licet’,

258 2086 331 2148 Non
345 2089 404 2167 quei
417 2086 571 2147 dissimilis
585 2090 631 2147 res
646 2085 693 2160 sit,
708 2084 760 2146 sed
775 2105 834 2164 quo
848 2084 873 2145 is
888 2085 943 2165 qui
956 2084 1038 2146 iacit
1080 2085 1139 2145 825

260 2200 349 2278 Quae
362 2219 417 2280 ego
432 2200 526 2261 inesse
539 2199 571 2260 in
585 2199 647 2259 iliis
661 2199 760 2272 uideo,
775 2205 809 2258 ut
823 2197 972 2258 confidim
986 2197 1052 2259 fore

259 2311 310 2374 Ite
324 2322 359 2375 ut
373 2313 523 2374 utlumus
565 2312 654 2372 uideo
676 2331 724 2372 eos
745 2313 856 2390 sipere,
875 2308 1060 2390 intellegere,

421 2425 454 2484 in
468 2424 535 2485 loeo

260 2537 378 2612 Vereri,
392 2537 472 2598 inter
485 2558 516 2599 se
529 2539 647 2600 amatre:
669 2537 759 2598 scires
772 2537 903 2599 liberum

168 2666 170 2670 ’
260 2651 423 2733 Ingenium
437 2661 528 2733 atque
541 2653 686 2713 animum.
728 2655 787 2732 qut
802 2652 849 2712 uis
862 2651 931 2712 illos
946 2650 1044 2712 tidie

261 2765 430 2826 Reddricas.
472 2772 504 2825 at
518 2764 599 2825 enim
610 2766 736 2837 metuas,
744 2784 783 2823 ne
793 2763 832 2824 ab
843 2783 875 2824 re
885 2764 947 2824 sint
958 2773 1060 2823 tamen
1081 2764 1141 2825 830

261 2876 439 2938 Omissiores
454 2877 554 2956 panio.
597 2897 614 2936 ο
629 2884 730 2937 noster
744 2875 868 2949 Demea,

261 2985 313 3047 Ad
326 2986 429 3048 imnis
443 2986 505 3048 alia
519 2988 616 3047 aetite
630 2986 764 3065 sapimus
778 2986 905 3046 rectius:

260 3099 366 3162 Solum
380 3099 477 3159 linum
493 3099 550 3159 hoc
564 3098 675 3159 uitium
696 3097 755 3158 fert
774 3106 910 3158 senectus
930 3097 1060 3158 himini-

422 3185 494 3273 bus:

261 3324 449 3389 Attentiores
475 3325 578 3385 snmus
605 3323 646 3384 sd
672 3343 737 3384 rem
764 3337 875 3394 omnes,
896 3321 987 3398 quim
1013 3326 1061 3378 sat
1134 3366 1136 3370 .

423 3443 485 3498 est:

662 3542 685 3593 L
