2582 3762
192 193 808 282 Se.111.2-1v.17.]s1>mnon.
1115 193 1158 262 87

197 369 240 433 0t.
271 369 339 450 Ego
360 369 447 431 illam
467 369 569 432 hercle
589 390 662 431 uero
682 371 800 444 omitto,
822 371 875 451 qui
896 371 1021 452 quidem
1044 379 1075 434 te
1133 409 1138 418 ι

433 482 560 543 hdbeam
576 483 718 543 fratrem:
739 503 757 544 ο
773 483 816 543 mi
832 481 994 558 Aeschine,

272 591 301 654 Ο
322 593 366 653 mi
386 598 546 673 germane:
568 593 609 654 ah
630 597 736 654 uereor
757 614 859 656 coram
874 594 907 656 in
920 597 953 656 ds
967 603 997 658 te
1010 594 1075 656 lau·

433 708 507 768 dare
521 707 662 786 implius,

275 819 325 882 Ne
351 819 384 880 id
412 819 591 881 Sdsentandi
620 820 715 900 mdgis
743 842 835 902 quam
860 843 920 903 quo
944 821 1073 884 habeam

431 935 553 1013 grttum
573 932 672 994 faeere
693 935 865 996 existumes.
1095 935 1154 996 270

188 1045 245 1109 Ae.
269 1045 339 1127 Age
359 1047 469 1127 inepte,
483 1046 570 1127 quasi
591 1067 673 1108 nune
688 1049 748 1108 nen
762 1047 899 1108 norimus
919 1050 974 1110 nde
994 1047 1074 1109 inter

431 1179 495 1233 nos,
509 1158 662 1238 Ctesipho.

271 1270 342 1333 Hoc
363 1272 439 1334 mihi
460 1271 552 1345 dolet,
569 1291 623 1332 nos
643 1274 708 1333 sero
728 1272 849 1334 rescisse
869 1275 900 1334 et
920 1293 1015 1353 paene
1041 1272 1073 1333 in

431 1403 500 1444 eum
509 1377 575 1444 'reve
588 1383 689 1444 locum

271 1497 406 1572 Redisse,
420 1496 462 1558 ut'
476 1497 501 1557 si
523 1517 625 1558 omnes
646 1500 792 1577 asperent
811 1498 857 1559 nil
878 1498 934 1559 tibi
953 1501 1073 1578 pdssent

431 1609 618 1671 auxilierier.

195 1725 238 1788 ot.
269 1724 418 1786 Pudebat.
462 1723 516 1784 Ae.
529 1722 592 1798 Ah,
602 1724 762 1786 stultitiast
773 1725 873 1798 istaec,
884 1727 945 1786 n6n
956 1725 1071 1805 pudor:

435 1844 500 1899 tem
515 1835 553 1897 ob
567 1838 726 1915 ptruolam

271 1949 348 2012 Rem
362 1953 457 2031 paene
471 1971 488 2011 e
501 1951 619 2030 petria!
635 1953 724 2029 tfirpe
738 1949 831 2010 dictu.
873 1948 944 2010 dede
959 1970 1069 2030 quaeso

424 2065 573 2129 ,ueistaec
588 2064 778 2145 prdhibeant.
1092 2065 1152 2125 275

195 2176 237 2240 01.
269 2176 407 2238 Peccsui.
448 2177 503 2238 Ae.
528 2177 613 2255 Quid
634 2179 679 2237 ait
700 2176 822 2237 tzindem
838 2176 924 2237 nobis
938 2175 1072 2238 Sdnnioi

430 2290 477 2372 Sy.
493 2291 560 2352 Iam
576 2291 657 2352 mitis
670 2300 722 2352 est

188 2404 244 2466 Ae.
273 2404 341 2486 Ego
354 2405 394 2467 ed
408 2405 509 2467 forum
523 2406 582 2479 ibo,
599 2414 632 2465 ut
647 2406 728 2466 hene
744 2404 919 2466 absoluam:
940 2413 975 2466 tu
989 2405 1071 2464 intro

431 2521 472 2583 ad
485 2523 581 2595 illem,
597 2521 749 2601 Ctesiphe

188 2635 239 2698 Sa.
268 2635 351 2715 Syre,
365 2636 456 2695 insta.
497 2634 544 2714 Sy.
565 2633 697 2694 Eamus:
719 2635 850 2713 ntmque
862 2632 914 2693 hic
927 2641 1072 2712 properat

431 2743 624 2826 inCyprum.
666 2744 715 2806 Se.
731 2743 779 2803 Ne
793 2745 856 2804 ttm
870 2743 1010 2822 quidem:

271 2860 423 2937 Quamuis
443 2859 535 2920 etiam
556 2879 664 2919 maneo
685 2857 796 2919 Otiosus
816 2857 876 2918 hie.
917 2855 965 2936 Sy.
990 2856 1069 2917 Red-

431 2973 535 3035 detur:
557 2976 595 3034 ne
608 2973 690 3034 time.

186 3088 237 3149 Sa.
266 3086 312 3149 At
332 3097 368 3149 ut
390 3089 479 3149 Smne
503 3086 619 3148 reddat.
661 3085 708 3165 Sy.
735 3063 834 3146 (imno
858 3085 981 3146 reddet:
1002 3087 1069 3146 ttce

430 3200 519 3261 modo
534 3220 570 3260 ac
584 3219 707 3278 sequere
720 3197 786 3258 hec.
827 3197 876 3258 Sa.
891 3197 1014 3276 Sequor.
1091 3198 1149 3256 280

192 3311 235 3376 02.
266 3311 355 3374 Heus
368 3313 452 3386 hess,
467 3311 551 3393 Syre.
591 3311 639 3390 Sy.
661 3310 746 3387 Quid
766 3311 831 3370 est?
877 3308 920 3370 02.
938 3287 1069 3367 (ibseero

428 3424 531 3486 hercle
551 3434 590 3497 te,
613 3423 766 3484 hdminem
790 3421 883 3481 istum
904 3418 1070 3496 inpurissu·

430 3558 516 3599 11111111
