2582 3762
164 121 207 186 64
506 135 545 182 r.
568 135 762 180 rnnnnrr
970 115 1052 202 [Act
1073 115 1114 184 V.
1237 157 1238 170 2

163 291 205 352 Si.
244 291 307 369 Qui
322 290 439 352 eredis?
486 288 535 353 Oe.
551 289 671 351 Phanio
684 289 750 349 illio
764 289 859 350 freter
873 293 957 350 meus
971 290 1039 351 fnit.

404 401 446 463 si.
461 401 577 463 Noram
592 403 623 462 et
637 400 707 462 ecio.

170 511 221 577 Oi.
242 513 273 575 Is
287 513 402 574 bellum
416 513 488 574 hinc
502 511 621 592 fugiens
642 515 749 592 meque
770 513 803 573 in
817 511 925 574 Asiam
946 517 1043 594 perse

404 645 498 705 quens
511 625 728 705 proficiscitur:
1064 629 1120 688 935
1243 595 1245 690 i

244 741 323 803 Tum
338 741 422 802 illem
441 740 612 822 relinquere
625 740 677 802 hio
692 751 736 802 est
750 742 873 803 ueritus.
914 746 982 823 post
1003 743 1045 803 ibi

404 876 486 916 nuno
499 855 634 936 primum
648 855 739 916 aridio

245 966 330 1045 Quid
343 965 397 1026 illo
411 965 450 1027 eit
463 964 587 1026 foetum.
629 964 685 1026 Pa.
701 964 768 1028 Vix
788 987 855 1027 enm
877 967 960 1046 apud
977 988 1041 1027 me:

404 1079 448 1138 ita
461 1078 579 1138 enimus
594 1080 776 1138 commotnst
789 1088 873 1138 metu

245 1195 304 1275 Spe
320 1194 441 1276 gandio,
456 1192 595 1254 mimindo
616 1194 674 1255 hoe
694 1201 780 1254 tento
801 1196 865 1255 tim
886 1195 1043 1274 repentino

271 1367 274 1376 ,
405 1308 492 1368 bone.

164 1421 205 1483 si.
244 1421 292 1483 Ne
316 1422 404 1483 istem
428 1420 616 1482 multimodis
640 1430 725 1482 tuem
753 1421 885 1482 inueniri
914 1422 1041 1502 gelideo.

406 1535 460 1595 Pa.
475 1533 581 1607 Credo,
596 1543 691 1612 peter.

171 1647 221 1710 Oli.
241 1647 287 1708 At
298 1648 342 1707 mi
355 1651 433 1709 nnus
446 1647 606 1727 scrupulus
620 1648 712 1708 etiem
726 1656 829 1722 restet,
839 1650 893 1728 qui
903 1669 952 1710 me
962 1649 1043 1711 mele

404 1759 505 1822 hebet.
546 1759 601 1820 Pa.
617 1760 738 1840 Dignus
753 1781 783 1821 es
1063 1763 1127 1838 940

245 1873 324 1936 Cum
337 1877 391 1935 tue
404 1873 557 1953 religione,
572 1873 675 1933 Odium
697 1921 704 1934 .
726 1921 734 1935 .
755 1874 869 1936 nodum
889 1875 923 1935 in
942 1877 1042 1956 scirpo

405 1986 532 2066 quaerie.
580 1985 626 2048 Or.
642 1985 727 2063 Quid
743 1987 820 2047 istuc
836 1989 901 2048 eet?

171 2099 222 2162 Oi.
243 2099 363 2160 Nomen
383 2119 445 2159 non
466 2099 616 2160 conuenit.
664 2098 711 2160 Or.
740 2099 815 2159 Fuit
842 2101 944 2162 hercle
971 2100 1043 2161 huie

404 2212 488 2272 eliud
502 2233 624 2292 paruae.
673 2211 726 2274 Oh.
742 2212 842 2288 Quin,
857 2211 964 2274 Crito?

245 2325 405 2406 Numquid
433 2325 616 2386 meministi?
672 2324 718 2387 Or.
747 2324 786 2384 Id
813 2329 933 2405 quaero.
986 2327 1042 2389 Pa.

404 2437 492 2518 Egon
507 2438 596 2498 huius
610 2439 787 2499 memoriam
801 2439 900 2519 patieir
915 2459 999 2502 meae

246 2553 409 2633 Volupteti
429 2552 556 2625 obstare,
571 2555 661 2632 quom
676 2572 731 2632 ego
745 2553 856 2632 possim
881 2553 912 2611 in
933 2553 990 2614 haio
1010 2575 1044 2614 re

405 2663 550 2724 medicari
564 2662 662 2724 mihi?

244 2775 316 2836 Non
327 2775 435 2855 potiar.
475 2775 558 2848 heus,
569 2773 721 2848 Chremes,
735 2776 815 2856 qnod
825 2777 953 2856 qnaeris,
963 2776 1045 2837 Posi-

398 2859 522 2966 plieiast.
570 2884 622 2948 Oli.
638 2885 744 2964 Ipsest.
793 2885 839 2949 Or.
855 2886 938 2946 East.
1065 2890 1131 2949 945

165 3002 220 3063 Pe.
245 3001 297 3061 Ex
306 3003 373 3080 ipsa
383 3001 502 3061 miliens
513 3000 626 3061 oudini.
667 3000 709 3062 Si.
725 3000 833 3062 Omnis
844 3022 898 3062 nos
910 3003 1043 3082 gaudere

405 3112 471 3184 heo,
485 3112 637 3186 Chremes,

246 3219 290 3277 Te
302 3220 391 3278 oredo
405 3220 533 3280 eredere
580 3221 631 3282 On.
646 3207 697 3282 ita
710 3245 759 3283 me
773 3225 805 3283 di
819 3236 930 3300 ament,
944 3226 1043 3288 credo,

405 3325 460 3385 Pe.
475 3325 559 3402 Quid
573 3331 672 3402 restet,
687 3333 794 3408 pater?
