<?xml version="1.0" encoding="UTF-8"?>
<!DOCTYPE html PUBLIC "-//W3C//DTD XHTML 1.0 Transitional//EN"
    "http://www.w3.org/TR/xhtml1/DTD/xhtml1-transitional.dtd">
<html xmlns="http://www.w3.org/1999/xhtml" xml:lang="en" lang="en">
 <head>
  <title>
</title>
<meta http-equiv="Content-Type" content="text/html;charset=utf-8" />
  <meta name='ocr-system' content='tesseract 3.04.00' />
  <meta name='ocr-capabilities' content='ocr_page ocr_carea ocr_par ocr_line ocrx_word'/>
</head>
<body>
  <div class='ocr_page' id='page_1' title='image "andriaandadelph00teregoog_0110.png"; bbox 0 0 2582 3762; ppageno 0'>
   <div class='ocr_carea' id='block_1_1' title="bbox 169 191 1132 283">
    <p class='ocr_par' dir='ltr' id='par_1_1' title="bbox 169 191 1132 283">
     <span class='ocr_line' id='line_1_1' title="bbox 169 191 1132 283; baseline 0.004 -21"><span class='ocrx_word' id='word_1_1' title='bbox 169 191 479 283; x_wconf 59' lang='lat' dir='ltr'>sumac-ua]</span> <span class='ocrx_word' id='word_1_2' title='bbox 527 214 783 266; x_wconf 75' lang='lat' dir='ltr'><strong>ADELPHOE.</strong></span> <span class='ocrx_word' id='word_1_3' title='bbox 1072 203 1132 267; x_wconf 89' lang='grc'>101</span> 
     </span>
    </p>
   </div>
   <div class='ocr_carea' id='block_1_2' title="bbox 165 370 1172 2365">
    <p class='ocr_par' dir='ltr' id='par_1_2' title="bbox 251 370 996 456">
     <span class='ocr_line' id='line_1_2' title="bbox 251 370 996 456; baseline 0.008 -26"><span class='ocrx_word' id='word_1_4' title='bbox 251 370 447 451; x_wconf 77' lang='lat' dir='ltr'>Quaprdpter</span> <span class='ocrx_word' id='word_1_5' title='bbox 461 372 552 447; x_wconf 90' lang='lat' dir='ltr'>nitar,</span> <span class='ocrx_word' id='word_1_6' title='bbox 566 372 687 448; x_wconf 75' lang='lat' dir='ltr'>faciam,</span> <span class='ocrx_word' id='word_1_7' title='bbox 701 373 850 454; x_wconf 86' lang='lat' dir='ltr'>experiar,</span> <span class='ocrx_word' id='word_1_8' title='bbox 864 374 996 456; x_wconf 80' lang='lat' dir='ltr'>denique</span> 
     </span>
    </p>

    <p class='ocr_par' dir='ltr' id='par_1_3' title="bbox 249 482 1054 565">
     <span class='ocr_line' id='line_1_3' title="bbox 249 482 1054 565; baseline 0.007 -23"><span class='ocrx_word' id='word_1_9' title='bbox 249 482 395 544; x_wconf 74' lang='lat' dir='ltr'>Animam</span> <span class='ocrx_word' id='word_1_10' title='bbox 410 484 581 564; x_wconf 84' lang='lat' dir='ltr'>relinquam</span> <span class='ocrx_word' id='word_1_11' title='bbox 596 485 697 565; x_wconf 81' lang='lat' dir='ltr'>potius</span> <span class='ocrx_word' id='word_1_12' title='bbox 717 506 809 564; x_wconf 89' lang='lat' dir='ltr'>quam</span> <span class='ocrx_word' id='word_1_13' title='bbox 825 485 895 547; x_wconf 86' lang='lat' dir='ltr'>illas</span> <span class='ocrx_word' id='word_1_14' title='bbox 909 487 1054 548; x_wconf 71' lang='lat' dir='ltr'>deseram.</span> 
     </span>
    </p>

    <p class='ocr_par' dir='ltr' id='par_1_4' title="bbox 252 597 1054 792">
     <span class='ocr_line' id='line_1_4' title="bbox 252 597 1054 679; baseline 0.009 -23"><span class='ocrx_word' id='word_1_15' title='bbox 252 597 335 674; x_wconf 76' lang='lat' dir='ltr'>Quid</span> <span class='ocrx_word' id='word_1_16' title='bbox 364 598 442 658; x_wconf 89' lang='lat' dir='ltr'>mihi</span> <span class='ocrx_word' id='word_1_17' title='bbox 470 599 653 679; x_wconf 80' lang='lat' dir='ltr'><strong>respondes?</strong></span> <span class='ocrx_word' id='word_1_18' title='bbox 694 600 750 661; x_wconf 85' lang='lat' dir='ltr'>Dc.</span> <span class='ocrx_word' id='word_1_19' title='bbox 779 599 919 662; x_wconf 70' lang='lat' dir='ltr'>Fratrem</span> <span class='ocrx_word' id='word_1_20' title='bbox 948 623 1054 663; x_wconf 87' lang='lat' dir='ltr'>conue-</span> 
     </span>
     <span class='ocr_line' id='line_1_5' title="bbox 409 711 630 792; baseline 0.018 -22"><span class='ocrx_word' id='word_1_21' title='bbox 409 711 503 786; x_wconf 88' lang='lat' dir='ltr'>niam,</span> <span class='ocrx_word' id='word_1_22' title='bbox 519 711 630 792; x_wconf 76' lang='lat' dir='ltr'>Hegio.</span> 
     </span>
    </p>

    <p class='ocr_par' dir='ltr' id='par_1_5' title="bbox 167 821 1133 1128">
     <span class='ocr_line' id='line_1_6' title="bbox 167 821 1133 908; baseline 0.004 -23"><span class='ocrx_word' id='word_1_23' title='bbox 167 821 228 885; x_wconf 84' lang='lat' dir='ltr'>Hc.</span> <span class='ocrx_word' id='word_1_24' title='bbox 249 823 318 899; x_wconf 81' lang='lat' dir='ltr'>Sed,</span> <span class='ocrx_word' id='word_1_25' title='bbox 333 823 460 900; x_wconf 79' lang='lat' dir='ltr'>Demea,</span> <span class='ocrx_word' id='word_1_26' title='bbox 474 826 532 886; x_wconf 89' lang='lat' dir='ltr'>hoc</span> <span class='ocrx_word' id='word_1_27' title='bbox 546 835 580 887; x_wconf 89' lang='lat' dir='ltr'>tu</span> <span class='ocrx_word' id='word_1_28' title='bbox 594 827 686 888; x_wconf 75' lang='lat' dir='ltr'>facito</span> <span class='ocrx_word' id='word_1_29' title='bbox 701 848 771 888; x_wconf 92' lang='lat' dir='ltr'>cum</span> <span class='ocrx_word' id='word_1_30' title='bbox 785 828 888 889; x_wconf 88' lang='lat' dir='ltr'>animo</span> <span class='ocrx_word' id='word_1_31' title='bbox 902 828 1022 908; x_wconf 73' lang='lat' dir='ltr'>cogites,</span> <span class='ocrx_word' id='word_1_32' title='bbox 1074 829 1133 889; x_wconf 91' lang='grc'>500</span> 
     </span>
     <span class='ocr_line' id='line_1_7' title="bbox 249 937 1053 1020; baseline 0.004 -22"><span class='ocrx_word' id='word_1_33' title='bbox 249 937 353 1015; x_wconf 73' lang='lat' dir='ltr'>Quam</span> <span class='ocrx_word' id='word_1_34' title='bbox 367 941 421 1000; x_wconf 78' lang='lat' dir='ltr'>uos</span> <span class='ocrx_word' id='word_1_35' title='bbox 435 938 591 1000; x_wconf 83' lang='lat' dir='ltr'>facillume</span> <span class='ocrx_word' id='word_1_36' title='bbox 605 941 704 1019; x_wconf 76' lang='lat' dir='ltr'>agitis,</span> <span class='ocrx_word' id='word_1_37' title='bbox 719 961 811 1020; x_wconf 85' lang='lat' dir='ltr'>quam</span> <span class='ocrx_word' id='word_1_38' title='bbox 827 941 896 1001; x_wconf 89' lang='lat' dir='ltr'>estis</span> <span class='ocrx_word' id='word_1_39' title='bbox 911 943 1053 1002; x_wconf 73' lang='lat' dir='ltr'>maxume</span> 
     </span>
     <span class='ocr_line' id='line_1_8' title="bbox 249 1051 788 1128; baseline 0.007 -16"><span class='ocrx_word' id='word_1_40' title='bbox 249 1051 392 1114; x_wconf 75' lang='lat' dir='ltr'>Potentes</span> <span class='ocrx_word' id='word_1_41' title='bbox 406 1053 483 1115; x_wconf 86' lang='lat' dir='ltr'>dites</span> <span class='ocrx_word' id='word_1_42' title='bbox 498 1054 647 1115; x_wconf 78' lang='lat' dir='ltr'>fortunati</span> <span class='ocrx_word' id='word_1_43' title='bbox 661 1055 788 1128; x_wconf 80' lang='lat' dir='ltr'>ndbiles,</span> 
     </span>
    </p>

    <p class='ocr_par' dir='ltr' id='par_1_6' title="bbox 249 1164 1028 1361">
     <span class='ocr_line' id='line_1_9' title="bbox 250 1164 1028 1248; baseline 0.006 -23"><span class='ocrx_word' id='word_1_44' title='bbox 250 1164 327 1226; x_wconf 87' lang='lat' dir='ltr'>Tam</span> <span class='ocrx_word' id='word_1_45' title='bbox 341 1167 483 1227; x_wconf 72' lang='lat' dir='ltr'>maxume</span> <span class='ocrx_word' id='word_1_46' title='bbox 498 1187 552 1227; x_wconf 90' lang='lat' dir='ltr'>uos</span> <span class='ocrx_word' id='word_1_47' title='bbox 566 1170 663 1248; x_wconf 76' lang='lat' dir='ltr'>aequo</span> <span class='ocrx_word' id='word_1_48' title='bbox 677 1167 779 1228; x_wconf 90' lang='lat' dir='ltr'>animo</span> <span class='ocrx_word' id='word_1_49' title='bbox 793 1188 892 1248; x_wconf 88' lang='lat' dir='ltr'>aequa</span> <span class='ocrx_word' id='word_1_50' title='bbox 905 1169 1028 1230; x_wconf 87' lang='lat' dir='ltr'>n6scero</span> 
     </span>
     <span class='ocr_line' id='line_1_10' title="bbox 249 1279 903 1361; baseline 0.002 -19"><span class='ocrx_word' id='word_1_51' title='bbox 249 1279 387 1360; x_wconf 77' lang='lat' dir='ltr'>Oportet,</span> <span class='ocrx_word' id='word_1_52' title='bbox 401 1280 428 1341; x_wconf 89' lang='lat' dir='ltr'>si</span> <span class='ocrx_word' id='word_1_53' title='bbox 442 1301 496 1342; x_wconf 91' lang='lat' dir='ltr'>uos</span> <span class='ocrx_word' id='word_1_54' title='bbox 511 1281 603 1342; x_wconf 75' lang='lat' dir='ltr'>uoltis</span> <span class='ocrx_word' id='word_1_55' title='bbox 616 1281 771 1361; x_wconf 80' lang='lat' dir='ltr'>perhiberi</span> <span class='ocrx_word' id='word_1_56' title='bbox 785 1282 903 1361; x_wconf 88' lang='lat' dir='ltr'>probos.</span> 
     </span>
    </p>

    <p class='ocr_par' dir='ltr' id='par_1_7' title="bbox 167 1391 1131 1475">
     <span class='ocr_line' id='line_1_11' title="bbox 167 1391 1131 1475; baseline 0.001 -20"><span class='ocrx_word' id='word_1_57' title='bbox 167 1393 225 1455; x_wconf 86' lang='lat' dir='ltr'>De.</span> <span class='ocrx_word' id='word_1_58' title='bbox 251 1392 381 1454; x_wconf 78' lang='lat' dir='ltr'>Redito:</span> <span class='ocrx_word' id='word_1_59' title='bbox 402 1391 479 1454; x_wconf 87' lang='lat' dir='ltr'>fient</span> <span class='ocrx_word' id='word_1_60' title='bbox 491 1397 569 1474; x_wconf 77' lang='lat' dir='ltr'>quae</span> <span class='ocrx_word' id='word_1_61' title='bbox 582 1393 648 1455; x_wconf 83' lang='lat' dir='ltr'>lieri</span> <span class='ocrx_word' id='word_1_62' title='bbox 662 1404 818 1475; x_wconf 82' lang='lat' dir='ltr'>aequomst</span> <span class='ocrx_word' id='word_1_63' title='bbox 831 1394 942 1456; x_wconf 77' lang='lat' dir='ltr'>omnia.</span> <span class='ocrx_word' id='word_1_64' title='bbox 1072 1395 1131 1456; x_wconf 90' lang='grc'>505</span> 
     </span>
    </p>

    <p class='ocr_par' dir='ltr' id='par_1_8' title="bbox 167 1503 1172 1580">
     <span class='ocr_line' id='line_1_12' title="bbox 167 1503 1172 1580; baseline 0.004 -15"><span class='ocrx_word' id='word_1_65' title='bbox 167 1503 228 1565; x_wconf 85' lang='lat' dir='ltr'>Hc.</span> <span class='ocrx_word' id='word_1_66' title='bbox 250 1503 347 1565; x_wconf 73' lang='lat' dir='ltr'>Decet</span> <span class='ocrx_word' id='word_1_67' title='bbox 368 1512 398 1565; x_wconf 91' lang='lat' dir='ltr'>te</span> <span class='ocrx_word' id='word_1_68' title='bbox 418 1504 526 1567; x_wconf 86' lang='lat' dir='ltr'>facere.</span> <span class='ocrx_word' id='word_1_69' title='bbox 567 1503 657 1580; x_wconf 79' lang='lat' dir='ltr'>Geta,</span> <span class='ocrx_word' id='word_1_70' title='bbox 672 1505 732 1566; x_wconf 90' lang='lat' dir='ltr'>duc</span> <span class='ocrx_word' id='word_1_71' title='bbox 753 1526 801 1566; x_wconf 86' lang='lat' dir='ltr'>mc</span> <span class='ocrx_word' id='word_1_72' title='bbox 822 1505 902 1566; x_wconf 88' lang='lat' dir='ltr'>intro</span> <span class='ocrx_word' id='word_1_73' title='bbox 923 1504 964 1566; x_wconf 89' lang='lat' dir='ltr'>ad</span> <span class='ocrx_word' id='word_1_74' title='bbox 984 1504 1051 1568; x_wconf 79' lang='lat' dir='ltr'>Sos-</span> <span class='ocrx_word' id='word_1_75' title='bbox 1171 1549 1172 1553; x_wconf 56' lang='lat'><em>=</em></span> 
     </span>
    </p>

    <p class='ocr_par' dir='ltr' id='par_1_9' title="bbox 410 1629 532 1681">
     <span class='ocr_line' id='line_1_13' title="bbox 410 1629 532 1681; baseline 0.008 -1"><span class='ocrx_word' id='word_1_76' title='bbox 410 1629 532 1681; x_wconf 87' lang='lat' dir='ltr'>tratam.</span> 
     </span>
    </p>

    <p class='ocr_par' dir='ltr' id='par_1_10' title="bbox 165 1732 1050 1796">
     <span class='ocr_line' id='line_1_14' title="bbox 165 1732 1050 1796; baseline 0.001 -1"><span class='ocrx_word' id='word_1_77' title='bbox 165 1733 224 1795; x_wconf 84' lang='lat' dir='ltr'>Dc.</span> <span class='ocrx_word' id='word_1_78' title='bbox 250 1733 321 1795; x_wconf 90' lang='lat' dir='ltr'>Non</span> <span class='ocrx_word' id='word_1_79' title='bbox 342 1754 391 1794; x_wconf 89' lang='lat' dir='ltr'>me</span> <span class='ocrx_word' id='word_1_80' title='bbox 410 1733 564 1795; x_wconf 80' lang='lat' dir='ltr'>indicente</span> <span class='ocrx_word' id='word_1_81' title='bbox 583 1733 659 1795; x_wconf 88' lang='lat' dir='ltr'>haec</span> <span class='ocrx_word' id='word_1_82' title='bbox 681 1732 781 1795; x_wconf 86' lang='lat' dir='ltr'>fiunt:</span> <span class='ocrx_word' id='word_1_83' title='bbox 803 1733 920 1795; x_wconf 89' lang='lat' dir='ltr'>utinam</span> <span class='ocrx_word' id='word_1_84' title='bbox 939 1733 990 1795; x_wconf 92' lang='lat' dir='ltr'>hic</span> <span class='ocrx_word' id='word_1_85' title='bbox 1009 1735 1050 1796; x_wconf 82' lang='lat' dir='ltr'>sit</span> 
     </span>
    </p>

    <p class='ocr_par' dir='ltr' id='par_1_11' title="bbox 410 1847 500 1908">
     <span class='ocr_line' id='line_1_15' title="bbox 410 1847 500 1908; baseline 0.022 -2"><span class='ocrx_word' id='word_1_86' title='bbox 410 1847 500 1908; x_wconf 93' lang='lat' dir='ltr'>modo</span> 
     </span>
    </p>

    <p class='ocr_par' dir='ltr' id='par_1_12' title="bbox 249 1960 934 2023">
     <span class='ocr_line' id='line_1_16' title="bbox 249 1960 934 2023; baseline 0.003 -2"><span class='ocrx_word' id='word_1_87' title='bbox 249 1960 454 2022; x_wconf 79' lang='lat' dir='ltr'>Defunctum:</span> <span class='ocrx_word' id='word_1_88' title='bbox 476 1981 583 2022; x_wconf 90' lang='lat' dir='ltr'>uerum</span> <span class='ocrx_word' id='word_1_89' title='bbox 597 1961 694 2022; x_wconf 86' lang='lat' dir='ltr'>nimia</span> <span class='ocrx_word' id='word_1_90' title='bbox 707 1960 797 2023; x_wconf 86' lang='lat' dir='ltr'>illaec</span> <span class='ocrx_word' id='word_1_91' title='bbox 810 1961 934 2023; x_wconf 77' lang='lat' dir='ltr'>licentia</span> 
     </span>
    </p>

    <p class='ocr_par' dir='ltr' id='par_1_13' title="bbox 249 2073 993 2155">
     <span class='ocr_line' id='line_1_17' title="bbox 249 2073 993 2155; baseline 0.003 -21"><span class='ocrx_word' id='word_1_92' title='bbox 249 2073 388 2136; x_wconf 75' lang='lat' dir='ltr'>Profecto</span> <span class='ocrx_word' id='word_1_93' title='bbox 402 2074 507 2136; x_wconf 88' lang='lat' dir='ltr'>euadit</span> <span class='ocrx_word' id='word_1_94' title='bbox 521 2075 553 2134; x_wconf 94' lang='lat' dir='ltr'>in</span> <span class='ocrx_word' id='word_1_95' title='bbox 568 2073 693 2154; x_wconf 89' lang='lat' dir='ltr'>aliquod</span> <span class='ocrx_word' id='word_1_96' title='bbox 708 2075 853 2155; x_wconf 78' lang='lat' dir='ltr'>magnum</span> <span class='ocrx_word' id='word_1_97' title='bbox 867 2075 993 2136; x_wconf 89' lang='lat' dir='ltr'>malum.</span> 
     </span>
    </p>

    <p class='ocr_par' dir='ltr' id='par_1_14' title="bbox 249 2185 1127 2365">
     <span class='ocr_line' id='line_1_18' title="bbox 249 2185 1044 2268; baseline 0.003 -20"><span class='ocrx_word' id='word_1_98' title='bbox 249 2185 305 2248; x_wconf 94' lang='lat' dir='ltr'>Ibo</span> <span class='ocrx_word' id='word_1_99' title='bbox 339 2188 374 2249; x_wconf 76' lang='lat' dir='ltr'>ac</span> <span class='ocrx_word' id='word_1_100' title='bbox 408 2187 561 2268; x_wconf 88' lang='lat' dir='ltr'>requiram</span> <span class='ocrx_word' id='word_1_101' title='bbox 588 2185 722 2260; x_wconf 69' lang='lat' dir='ltr'>fratrem,</span> <span class='ocrx_word' id='word_1_102' title='bbox 751 2195 785 2247; x_wconf 90' lang='lat' dir='ltr'>ut</span> <span class='ocrx_word' id='word_1_103' title='bbox 812 2186 845 2246; x_wconf 93' lang='lat' dir='ltr'>in</span> <span class='ocrx_word' id='word_1_104' title='bbox 872 2206 942 2248; x_wconf 91' lang='lat' dir='ltr'>eum</span> <span class='ocrx_word' id='word_1_105' title='bbox 969 2188 1044 2250; x_wconf 88' lang='lat' dir='ltr'>haec</span> 
     </span>
     <span class='ocr_line' id='line_1_19' title="bbox 409 2302 1127 2365; baseline 0.006 -5"><span class='ocrx_word' id='word_1_106' title='bbox 409 2302 558 2360; x_wconf 78' lang='lat' dir='ltr'>euomam.</span> <span class='ocrx_word' id='word_1_107' title='bbox 1068 2302 1127 2365; x_wconf 92' lang='grc'>510</span> 
     </span>
    </p>
   </div>
   <div class='ocr_carea' id='block_1_3' title="bbox 588 2515 711 2578">
    <p class='ocr_par' dir='ltr' id='par_1_15' title="bbox 588 2515 711 2578">
     <span class='ocr_line' id='line_1_20' title="bbox 588 2515 711 2578; baseline 0 -1"><span class='ocrx_word' id='word_1_108' title='bbox 588 2515 711 2578; x_wconf 81' lang='lat' dir='ltr'>Hno1o.</span> 
     </span>
    </p>
   </div>
   <div class='ocr_carea' id='block_1_4' title="bbox 246 2644 1044 2726">
    <p class='ocr_par' dir='ltr' id='par_1_16' title="bbox 246 2644 1044 2726">
     <span class='ocr_line' id='line_1_21' title="bbox 246 2644 1044 2726; baseline -0.004 -17"><span class='ocrx_word' id='word_1_109' title='bbox 246 2647 334 2710; x_wconf 92' lang='lat' dir='ltr'>Bono</span> <span class='ocrx_word' id='word_1_110' title='bbox 356 2648 458 2709; x_wconf 74' lang='lat' dir='ltr'>inimo</span> <span class='ocrx_word' id='word_1_111' title='bbox 483 2646 531 2708; x_wconf 85' lang='lat' dir='ltr'>iac</span> <span class='ocrx_word' id='word_1_112' title='bbox 555 2646 603 2720; x_wconf 88' lang='lat' dir='ltr'>sis,</span> <span class='ocrx_word' id='word_1_113' title='bbox 627 2645 772 2720; x_wconf 78' lang='lat' dir='ltr'>Sostrata,</span> <span class='ocrx_word' id='word_1_114' title='bbox 793 2653 824 2706; x_wconf 95' lang='grc'>51</span> <span class='ocrx_word' id='word_1_115' title='bbox 847 2644 937 2706; x_wconf 86' lang='lat' dir='ltr'>istam</span> <span class='ocrx_word' id='word_1_116' title='bbox 962 2644 1044 2726; x_wconf 79' lang='lat' dir='ltr'>quod</span> 
     </span>
    </p>
   </div>
   <div class='ocr_carea' id='block_1_5' title="bbox 227 2770 1042 3065">
    <p class='ocr_par' dir='ltr' id='par_1_17' title="bbox 227 2770 1042 3065">
     <span class='ocr_line' id='line_1_22' title="bbox 448 2770 492 2822; baseline 0 0"><span class='ocrx_word' id='word_1_117' title='bbox 448 2770 492 2822; x_wconf 74' lang='grc'>108</span> 
     </span>
     <span class='ocr_line' id='line_1_23' title="bbox 245 2782 1042 2953; baseline -0.003 -18"><span class='ocrx_word' id='word_1_118' title='bbox 245 2873 310 2936; x_wconf 89' lang='lat' dir='ltr'>Fac</span> <span class='ocrx_word' id='word_1_119' title='bbox 323 2782 482 2936; x_wconf 67' lang='lat' dir='ltr'>consoldre.</span> <span class='ocrx_word' id='word_1_120' title='bbox 523 2893 578 2953; x_wconf 85' lang='lat' dir='ltr'>ego</span> <span class='ocrx_word' id='word_1_121' title='bbox 589 2872 762 2945; x_wconf 87' lang='lat' dir='ltr'>Micionem,</span> <span class='ocrx_word' id='word_1_122' title='bbox 772 2870 798 2932; x_wconf 92' lang='lat' dir='ltr'>si</span> <span class='ocrx_word' id='word_1_123' title='bbox 812 2870 894 2952; x_wconf 76' lang='lat' dir='ltr'>apud</span> <span class='ocrx_word' id='word_1_124' title='bbox 905 2871 1042 2946; x_wconf 86' lang='lat' dir='ltr'>forumst,</span> 
     </span>
     <span class='ocr_line' id='line_1_24' title="bbox 227 2983 1041 3065; baseline -0.004 -16"><span class='ocrx_word' id='word_1_125' title='bbox 227 2983 433 3049; x_wconf 78' lang='lat' dir='ltr'>&#39;Conueniam</span> <span class='ocrx_word' id='word_1_126' title='bbox 444 2995 535 3065; x_wconf 88' lang='lat' dir='ltr'>atque</span> <span class='ocrx_word' id='word_1_127' title='bbox 547 2995 581 3046; x_wconf 90' lang='lat' dir='ltr'>ut</span> <span class='ocrx_word' id='word_1_128' title='bbox 592 3007 638 3047; x_wconf 88' lang='lat' dir='ltr'>res</span> <span class='ocrx_word' id='word_1_129' title='bbox 648 2989 760 3065; x_wconf 63' lang='lat' dir='ltr'>gestast</span> <span class='ocrx_word' id='word_1_130' title='bbox 773 2983 904 3046; x_wconf 88' lang='lat' dir='ltr'>narrabo</span> <span class='ocrx_word' id='word_1_131' title='bbox 918 2985 1041 3046; x_wconf 75' lang='lat' dir='ltr'>ordine:</span> 
     </span>
    </p>
   </div>
   <div class='ocr_carea' id='block_1_6' title="bbox 244 3101 1121 3284">
    <p class='ocr_par' dir='ltr' id='par_1_18' title="bbox 244 3101 1121 3284">
     <span class='ocr_line' id='line_1_25' title="bbox 244 3101 885 3176; baseline -0.006 -13"><span class='ocrx_word' id='word_1_132' title='bbox 244 3102 277 3164; x_wconf 86' lang='lat' dir='ltr'>Si</span> <span class='ocrx_word' id='word_1_133' title='bbox 291 3111 344 3176; x_wconf 88' lang='grc'><strong>551,</strong></span> <span class='ocrx_word' id='word_1_134' title='bbox 358 3105 383 3162; x_wconf 80' lang='lat' dir='ltr'>is</span> <span class='ocrx_word' id='word_1_135' title='bbox 396 3101 531 3162; x_wconf 86' lang='lat' dir='ltr'>facturus</span> <span class='ocrx_word' id='word_1_136' title='bbox 544 3102 579 3162; x_wconf 79' lang='lat' dir='ltr'>ut</span> <span class='ocrx_word' id='word_1_137' title='bbox 592 3101 632 3162; x_wconf 86' lang='lat' dir='ltr'>sit</span> <span class='ocrx_word' id='word_1_138' title='bbox 646 3101 776 3161; x_wconf 74' lang='lat' dir='ltr'>officiuim</span> <span class='ocrx_word' id='word_1_139' title='bbox 790 3119 885 3174; x_wconf 89' lang='lat' dir='ltr'>suom,</span> 
     </span>
     <span class='ocr_line' id='line_1_26' title="bbox 245 3210 1121 3284; baseline -0.003 -9"><span class='ocrx_word' id='word_1_140' title='bbox 245 3213 369 3275; x_wconf 78' lang='lat' dir='ltr'>Faciat:</span> <span class='ocrx_word' id='word_1_141' title='bbox 390 3214 437 3274; x_wconf 92' lang='lat' dir='ltr'>sin</span> <span class='ocrx_word' id='word_1_142' title='bbox 450 3213 540 3274; x_wconf 83' lang='lat' dir='ltr'>aliter</span> <span class='ocrx_word' id='word_1_143' title='bbox 553 3212 591 3274; x_wconf 91' lang='lat' dir='ltr'>de</span> <span class='ocrx_word' id='word_1_144' title='bbox 605 3212 662 3274; x_wconf 79' lang='grc'>555</span> <span class='ocrx_word' id='word_1_145' title='bbox 676 3233 708 3272; x_wconf 91' lang='lat' dir='ltr'>re</span> <span class='ocrx_word' id='word_1_146' title='bbox 722 3219 767 3272; x_wconf 87' lang='lat' dir='ltr'>cst</span> <span class='ocrx_word' id='word_1_147' title='bbox 781 3211 844 3273; x_wconf 89' lang='lat' dir='ltr'>eius</span> <span class='ocrx_word' id='word_1_148' title='bbox 858 3210 1016 3284; x_wconf 74' lang='grc'><strong>5511155115,</strong></span> <span class='ocrx_word' id='word_1_149' title='bbox 1062 3211 1121 3272; x_wconf 92' lang='grc'>515</span> 
     </span>
    </p>
   </div>
   <div class='ocr_carea' id='block_1_7' title="bbox 245 3322 1040 3504">
    <p class='ocr_par' dir='ltr' id='par_1_19' title="bbox 245 3322 1040 3504">
     <span class='ocr_line' id='line_1_27' title="bbox 245 3322 1040 3408; baseline -0.014 -18"><span class='ocrx_word' id='word_1_150' title='bbox 245 3328 438 3408; x_wconf 74' lang='lat' dir='ltr'>Respondeat</span> <span class='ocrx_word' id='word_1_151' title='bbox 458 3327 509 3401; x_wconf 89' lang='lat' dir='ltr'>mi,</span> <span class='ocrx_word' id='word_1_152' title='bbox 529 3326 659 3407; x_wconf 91' lang='lat' dir='ltr'>utquid</span> <span class='ocrx_word' id='word_1_153' title='bbox 683 3344 773 3405; x_wconf 85' lang='lat' dir='ltr'>agam</span> <span class='ocrx_word' id='word_1_154' title='bbox 794 3343 886 3403; x_wconf 89' lang='lat' dir='ltr'>quam</span> <span class='ocrx_word' id='word_1_155' title='bbox 907 3322 1040 3401; x_wconf 78' lang='lat' dir='ltr'>primum</span> 
     </span>
     <span class='ocr_line' id='line_1_28' title="bbox 404 3461 507 3504; baseline 0.01 -2"><span class='ocrx_word' id='word_1_156' title='bbox 404 3461 507 3504; x_wconf 82' lang='lat' dir='ltr'>sclam.</span> 
     </span>
    </p>
   </div>
   <div class='ocr_carea' id='block_1_8' title="bbox 629 3513 803 3614">
    <p class='ocr_par' dir='ltr' id='par_1_20' title="bbox 629 3513 803 3614">
     <span class='ocr_line' id='line_1_29' title="bbox 629 3513 803 3614; baseline -0.011 -12"><span class='ocrx_word' id='word_1_157' title='bbox 629 3513 803 3614; x_wconf 16' lang='lat'>12&#39;1</span> 
     </span>
    </p>
   </div>
   <div class='ocr_carea' id='block_1_9' title="bbox 0 0 1296 3762">
    <p class='ocr_par' dir='ltr' id='par_1_21' title="bbox 0 0 1296 3762">
     <span class='ocr_line' id='line_1_30' title="bbox 0 0 1296 3762; baseline 0 2"><span class='ocrx_word' id='word_1_158' title='bbox 0 0 1296 3762; x_wconf 95' lang='lat' dir='ltr'> </span> 
     </span>
    </p>
   </div>
  </div>
 </body>
</html>
