2612 3760
218 157 282 220 112
568 173 824 220 kunnum
944 148 949 154 ’
1007 154 1169 241 [ActIV.

296 329 493 410 Quidipsne?
506 331 696 411 quidaiunt?
736 328 1093 407 MiQuidillasoenses?

455 444 501 504 nil
515 445 604 505 enim.

295 555 475 617 Commenta
489 563 586 616 mater
600 558 653 628 ost,
669 575 731 616 osse
744 531 783 615 eir
797 554 858 616 alio
873 555 940 616 uiro

296 668 405 730 Nescio
414 689 474 748 quo
483 687 610 748 puerum
621 670 726 728 nttum
737 690 743 727 ι
755 687 852 746 neque
861 688 930 728 eum
939 667 1092 729 nominat:

295 782 433 844 Priorem
447 803 509 843 esse
522 780 621 854 illum,
636 784 696 842 non
711 789 850 861 oportere
864 782 936 841 huie
951 781 1025 842 dari.

215 895 269 957 Ae.
298 895 376 969 Eho,
390 897 490 955 nonne
504 895 578 956 haec
592 895 672 954 iusta
685 892 743 953 tibi
758 893 880 953 uidetur
894 895 1035 972 poscere?
1116 895 1173 956 660

216 1008 270 1068 Mt.
296 1008 376 1069 Non.
417 1007 472 1068 Ae.
487 987 620 1068 &bsecro
635 1006 717 1066 non?
731 1007 769 1064 dn
779 1004 865 1064 illam
875 1005 945 1066 hino
954 1005 1092 1080 abducet,

455 1122 565 1201 pater?

156 1285 159 1292 i
216 1235 271 1297 Mi.
297 1236 381 1313 Quid
401 1236 486 1296 illtm
502 1236 534 1294 ni
549 1235 702 1296 abducat?
743 1235 796 1295 Ao.
818 1233 947 1295 Ftotum
969 1255 988 1294 a
1008 1235 1094 1296 uobis

313 1325 316 1330 Ι
457 1349 572 1409 duriter

296 1462 627 1542 Inmiserioorditdrque
642 1472 733 1541 atque
748 1461 849 1532 etiam,
864 1461 890 1522 si
904 1464 957 1534 est,
972 1472 1066 1542 pater,

296 1575 470 1637 Dicendum
484 1575 580 1654 magis
595 1577 706 1654 aperte,
721 1573 928 1635 inlibertliter.

217 1690 271 1751 Mi.
297 1691 398 1768 Quam
410 1688 533 1749 obrem?
574 1688 626 1748 Ae.
637 1688 738 1766 Rogas
750 1709 797 1748 me
806 1689 818 1748 ?
828 1688 903 1768 quid
914 1688 961 1748 illi
970 1690 1093 1751 tandem

456 1803 578 1864 creditis
1087 1840 1088 1843 ¹
1115 1807 1172 1867 665

296 1914 376 1976 Fore
390 1915 483 1975 inimi
498 1915 615 1988 misem,
627 1914 679 1993 qui
694 1935 764 1974 oum
775 1935 810 1975 es
821 1917 976 1976 consueuit
990 1917 1093 1996 prior?

296 2029 361 2107 Qui
374 2029 482 2090 infelix
493 2029 616 2090 hausoio
630 2031 670 2089 dn
684 2028 771 2089 illam
785 2029 891 2090 misere
906 2032 986 2092 minc
1000 2040 1091 2106 amat,

297 2143 397 2220 Quom
423 2143 502 2203 hano
525 2143 584 2204 sibi
608 2141 724 2203 uidebit
746 2145 885 2221 praesens
905 2154 1095 2224 praesentem

455 2257 541 2336 eripi,

295 2367 418 2430 Abduci
432 2369 471 2428 ab
485 2368 602 2430 oculis?
623 2369 739 2430 ftoinus
753 2371 922 2451 indignum,
936 2382 1030 2452 pater.

214 2483 269 2544 Mi.
295 2483 367 2559 Qua
381 2483 495 2542 rdtioue
510 2482 608 2543 istuc?
623 2484 691 2562 quis
705 2485 886 2564 despondit?
906 2488 973 2564 quis
988 2487 1091 2548 dedit?
1113 2490 1172 2552 670

295 2597 376 2674 Quoi
405 2596 525 2675 qudndo
549 2597 673 2676 nupsit?
702 2601 807 2659 auctor
834 2599 882 2660 his
912 2600 1000 2662 rebus
1024 2603 1091 2682 quis

453 2713 519 2772 est?

294 2824 381 2900 Quor
394 2823 483 2883 duxit
497 2823 649 2886 alienam?
692 2827 744 2887 Ae.
760 2810 813 2886 dn
828 2827 930 2890 sedere
943 2832 1077 2909 oportuit

292 2938 386 2999 Domi
407 2938 556 3018 uirginem
578 2949 642 3000 tam
662 2942 817 3020 grindem,
843 2941 917 3002 dum
945 2947 1088 3023 cognitus

451 3052 523 3112 hino

291 3158 383 3219 Illinc
398 3160 515 3220 ueniret
528 3164 763 3240 expectantem?
782 3163 867 3238 haec,
882 3167 926 3225 mi
940 3176 1035 3247 pater,

289 3267 333 3328 Te
346 3268 447 3328 dicere
461 3290 588 3349 aequom
603 3273 661 3334 fuit
675 3282 705 3334 et
719 3275 751 3334 id
765 3276 933 3338 defendere.
1111 3283 1169 3345 675

209 3373 264 3434 Mi.
288 3377 483 3441 Ridiculum:
497 3381 700 3449 aduersumne
713 3386 803 3451 illurn
814 3408 936 3449 eausam
947 3390 1088 3467 dicerem,
