2582 3762
181 174 226 236 46·
524 189 562 235 P.
586 189 779 234 unanimi
977 172 1059 258 [Act
1075 173 1144 245 IV.

261 342 419 405 Susuunset
437 364 491 404 neu
509 352 540 404 te
559 343 659 423 quinit
679 342 770 403 hodie
791 345 896 424 augere
920 343 1007 404 illam
1026 354 1062 406 ut

421 457 552 518 duceres.

181 573 237 632 Pa.
261 570 360 632 Immo
375 571 476 644 utiam,
487 591 546 652 quo
560 579 595 632 tu
609 573 710 631 minus
723 571 780 632 scis
795 573 955 632 aerumnus
968 593 1060 646 meaa,
1082 573 1142 634 655

262 684 350 746 Haec
363 685 488 765 nuptiae
501 705 563 745 non
576 684 805 765 udparabantur
818 685 912 746 mihi:

261 793 327 855 Nec
341 792 514 874 pustulabat
527 796 608 854 nunc
623 794 782 874 quisquam
797 797 924 854 uxorum
939 795 1020 857 dare.

188 906 239 970 Oa.
264 906 348 969 Scio:
370 909 404 968 tu
417 915 538 968 coactus
551 909 605 967 tuu
619 906 777 968 uoluntate
790 910 829 969 aa
872 909 927 969 Pa
949 908 1059 970 Mane:

262 1016 334 1079 Non
347 1017 420 1078 dum
433 1017 498 1078 aeis.
546 1016 595 1079 Oh.
616 1015 684 1078 Seio
699 1017 838 1097 equidem
852 1018 940 1079 sslam
955 1018 1060 1080 ductu·

422 1152 490 1192 rum
504 1134 566 1192 usse
579 1139 617 1192 ue.

183 1246 237 1306 Pu.
263 1245 350 1323 Quor
373 1266 422 1307 me
445 1245 566 1306 unicas?
616 1245 674 1306 hoc
701 1246 781 1307 audi.
822 1267 990 1328 numquam
1011 1247 1060 1308 du·

423 1358 501 1420 stitit
1081 1360 1141 1422 660

263 1469 389 1544 lustum,
404 1479 438 1530 ut
452 1468 582 1530 dicerum
596 1491 645 1530 me
658 1470 823 1540 ducturum
836 1471 937 1550 patri:

263 1582 404 1657 Suadure,
419 1603 505 1643 orare
519 1603 614 1662 usque
627 1583 701 1644 udeo
716 1583 811 1644 donee
825 1584 968 1663 purpulit„

188 1692 238 1756 Cu.
264 1693 341 1771 Quis
368 1693 458 1754 homo
486 1694 585 1754 istuc?
625 1695 680 1756 Pa.
709 1693 813 1756 Dauos
845 1742 852 1757 .
885 1742 892 1756 .
924 1742 931 1756 .
963 1741 970 1756 .
1008 1695 1058 1757 Ca

422 1805 548 1868 Dauos?
581 1806 845 1870 Palnterturbat.
893 1807 1058 1885 Cluuium

423 1918 547 1980 obrem?
586 1919 641 1980 Pu.
657 1919 776 1998 Nescia

262 2031 332 2092 Nisi
351 2032 428 2092 mihi
448 2032 518 2093 deos
539 2033 611 2093 sutis
631 2033 692 2093 scio
713 2033 806 2094 fnisse
826 2033 926 2107 iratos,
941 2033 994 2113 qui
1008 2053 1059 2092 au·

421 2145 624 2206 scultuuerim.

188 2257 238 2322 Cu.
252 2257 393 2318 Factum
420 2257 477 2318 huc
504 2267 557 2333 est,
585 2258 695 2320 Daue?
735 2259 795 2320 Da.
820 2257 959 2320 Fuatum.
1007 2257 1058 2320 Oa

422 2371 514 2446 Hem,
529 2372 670 2453 quiduis,
684 2373 803 2434 scelus?
1079 2371 1140 2432 665

262 2485 308 2546 Aa
321 2484 379 2546 ubi
392 2484 425 2545 di
438 2484 565 2564 dignum
579 2485 666 2545 fucus
680 2485 808 2546 exitium
823 2484 921 2546 duint.

262 2599 341 2674 Eho,
365 2599 415 2660 dio
442 2598 527 2673 mihi,
547 2598 573 2658 si
596 2619 699 2660 omnes
722 2599 803 2659 hunc
832 2599 1001 2660 coniectum
1026 2597 1059 2658 in

423 2714 545 2794 nuptias

262 2825 384 2887 Inimici
394 2825 519 2899 uellent,
528 2825 608 2906 quud
619 2825 677 2886 nisi
688 2825 847 2887 consilium
856 2824 914 2885 huo
928 2823 1059 2886 darent?

181 2941 242 3002 Du.
263 2939 416 3018 Deceptus
428 2959 505 3013 sum,
519 2947 552 3000 at
564 2959 626 3000 nun
640 2939 827 3020 dufetigatus.
875 2936 926 3000 Oa.
940 2936 1017 2998 Scio.

181 3054 242 3114 Da
263 3052 334 3114 Hau
347 3055 409 3113 nun
422 3051 571 3126 succmsit,
585 3053 647 3112 ulia
660 3052 873 3132 adgrediemur
887 3050 956 3111 uia:
1078 3051 1139 3114 670

262 3163 331 3223 Nisi
343 3164 370 3223 ai
382 3163 416 3223 id
429 3172 527 3243 putas,
542 3165 614 3243 quia
627 3167 725 3243 primo
740 3167 885 3245 processit
899 3184 1018 3242 parum,

262 3271 334 3333 Non
347 3274 432 3350 puseo
444 3271 507 3331 iam
521 3272 561 3332 ad
574 3273 702 3333 salutem
716 3274 853 3334 conuurti
863 3273 921 3333 hue
931 3272 1057 3334 malum.

188 3386 238 3444 Pa.
261 3382 360 3443 Immo
374 3383 485 3444 utiam:
505 3403 578 3443 nam
591 3385 663 3445 satis
677 3386 776 3458 crudo,
789 3385 815 3444 si
828 3384 1054 3463 aduigiluuaris,

263 3495 314 3557 ux
328 3496 395 3555 unis
408 3497 542 3574 geminas
555 3498 632 3556 mihi
646 3498 783 3558 conficies
797 3497 927 3576 nuptias.
