2604 3778
160 175 202 240 38
503 191 541 238 P.
564 133 759 238 raram
941 172 1022 260 [Act
1045 173 1118 241 111.

240 346 273 409 Si
287 346 373 421 nelit,
389 346 462 427 quin
476 366 545 407 eum
561 347 667 409 merito
682 347 792 428 possim
807 349 920 430 aegere.

241 457 345 539 Atque
372 459 446 519 adeo
474 459 506 518 in
534 458 599 539 ipso
633 461 767 540 tempore
801 479 905 520 eccum
940 459 1039 539 ipsum

400 570 531 634 (ibuiam.

489 791 581 853 Srmo.
622 789 792 852 Chremes.

162 941 204 1004 st.
242 940 337 1003 Iubet
347 938 546 1003 Chremetem.
593 935 644 1000 Oh.
659 935 728 998 Ote
738 936 839 1016 ipsum
849 934 1039 1016 quaerebam.

401 1052 443 1114 si.
466 1029 508 1112 fit
522 1071 576 1130 ego
590 1058 629 1111 te.
676 1049 728 1112 Oa.
749 1047 864 1128 Optato
878 1048 1010 1109 aduenis,

243 1166 373 1248 Aliquae
385 1186 434 1226 me
447 1165 596 1238 adierunt,
610 1166 649 1224 ex
663 1171 693 1224 te
706 1163 845 1224 auditum
860 1163 911 1243 qui
926 1161 1040 1235 aibant,

402 1275 493 1337 hodie
505 1274 619 1336 nabere

244 1390 347 1452 Meam
374 1389 473 1451 ffliam
501 1398 555 1450 tuo
582 1389 690 1468 gnato:
711 1387 744 1448 id
768 1387 833 1452 uiso
857 1389 913 1449 trin
934 1407 972 1448 an
994 1386 1041 1446 illi

403 1502 564 1563 insaniant
1063 1500 1122 1560 535

164 1620 207 1683 si.
244 1618 395 1681 Ausciilta
419 1618 540 1698 paucis:
562 1617 687 1698 etquid
711 1626 742 1678 te
766 1637 821 1698 ego
844 1617 937 1678 uelim
957 1620 988 1680 et
1007 1626 1042 1678 tu

212 1814 214 1818 .
404 1728 486 1808 quod
499 1728 618 1808 quaeris
631 1727 713 1788 acies.
1128 1704 1133 1723 ยน

171 1839 222 1905 Oh
243 1840 409 1903 Ausciiltoz
431 1840 552 1920 loquere
566 1840 641 1920 quid
655 1839 739 1900 uelis.

164 1951 207 2013 Si.
244 1951 304 2012 Per
317 1954 347 2012 te
361 1950 431 2012 deos
445 1971 497 2012 oro
512 1951 688 2011 sinistram
703 1950 878 2024 amicitiam,
893 1951 1043 2026 Chremes,

247 2062 335 2140 Quae
362 2061 482 2141 incaepta
509 2081 529 2121 a
555 2061 659 2141 paruis
687 2081 757 2122 cum
784 2065 883 2123 aetate
906 2064 1044 2125 adcreuit

406 2174 506 2249 simul,

245 2291 364 2371 Perque
377 2290 499 2352 inicam
509 2291 594 2351 tuam
606 2299 731 2371 gnatam
746 2298 776 2352 et
790 2293 917 2371 gnahim
933 2312 1043 2365 meum,
1065 2293 1125 2356 540

246 2404 364 2482 Quoius
378 2403 436 2466 tibi
449 2411 580 2483 potestas
593 2405 711 2464 simma
725 2404 867 2465 seruandi
880 2404 980 2479 datur,

245 2518 292 2582 Vt
306 2539 354 2580 me
367 2518 492 2580 adiuues
506 2517 537 2577 in
553 2516 611 2578 hae
625 2536 665 2590 re,
681 2525 774 2596 atque
787 2495 831 2577 ita
845 2515 891 2577 uti
906 2517 1031 2597 nriptiae

245 2631 381 2692 Fuerint
389 2631 519 2703 futurae,
528 2628 616 2690 iiant
664 2627 714 2690 Oh.
730 2627 793 2701 Ah,
802 2647 840 2689 ne
848 2649 896 2689 me
905 2628 1043 2691 ebsecra:

245 2744 343 2822 Quasi
356 2744 414 2804 hee
428 2750 458 2803 te
472 2741 585 2803 orando
600 2762 619 2802 a
633 2761 682 2801 me
697 2742 850 2820 inpetrare
863 2744 1008 2822 operteat.

245 2857 353 2918 Alium
375 2859 436 2916 esse
457 2875 557 2916 censes
578 2855 728 2914 minema
749 2861 840 2933 atque
859 2853 932 2914 olim
952 2857 1043 2934 quem

407 2967 539 3030 dabam?
1064 2971 1124 3032 545

244 3081 278 3144 si
292 3081 323 3140 in
339 3083 430 3141 remst
444 3079 565 3159 utrique
578 3087 613 3140 ut
627 3078 715 3152 fiant,
730 3079 841 3140 arcessi
855 3078 934 3141 iube.

244 3193 305 3256 sed
317 3193 344 3254 si
357 3196 397 3254 ex
410 3213 446 3254 ea
459 3212 492 3253 re
505 3191 573 3272 plis
588 3191 690 3253 maiist
703 3211 796 3272 quam
810 3193 960 3255 etmmodi

243 3303 385 3384 Vtrique,
400 3303 432 3364 id
445 3324 497 3365 oro
511 3312 541 3365 te
555 3304 587 3363 in
603 3323 762 3365 commune
775 3312 810 3364 ut
824 3305 970 3379 etnsulas,

245 3416 343 3494 Quasi
358 3416 414 3476 illa
427 3425 481 3477 tua
494 3416 533 3477 sit
546 3415 760 3496 Pamphilique
774 3438 829 3496 ego
842 3417 899 3478 sim
914 3427 1009 3497 pater.
