2604 3778
183 163 494 250 Some-Vns]
564 185 754 236 nnnnrs.
1099 177 1140 238 19

263 335 422 419 Opperiar,
439 349 474 402 ut
496 339 589 403 seiim
613 343 853 424 numquidnam
875 345 949 408 haee
970 347 1060 408 tsrrba

423 454 564 518 tristitiae
577 457 702 518 adferat.

182 565 237 626 Po.
265 564 414 628 Hocinest
426 567 907 652 humanumfsetusutinoeptu?
926 573 1062 636 hocinest

415 682 552 743 'officinm
567 682 684 762 petris?

68 828 72 834 ·
183 795 243 874 My.
265 794 349 871 Quid
362 793 518 858 ssludest‘?
558 798 613 858 Pa.
634 796 696 860 Pro
710 799 800 860 desim
813 799 913 876 fidem,
924 801 997 882 quid
1008 811 1061 877 est,
1126 787 1130 794 ⁸

423 911 448 970 si
462 910 520 972 hoe
532 932 592 972 non
608 911 840 975 contumelisst?
892 961 895 970 ,

263 1023 400 1085 onrem
421 1024 557 1086 deererst
577 1024 650 1086 dere
677 1045 739 1087 sese
766 1027 809 1088 mi
836 1026 942 1090 hodie:
963 1048 1063 1090 nonne

312 1203 314 1208 ,
422 1137 557 1218 0p6rtuit
708 1213 711 1217 λ

264 1250 430 1311 Praescisse
443 1251 593 1314 meante?
606 1253 706 1313 nonne
715 1251 800 1332 prius
810 1253 1064 1316 commenioetum

422 1363 577 1444 oportuit?

184 1477 244 1557 My.
266 1476 409 1539 Misersm
423 1497 481 1551 me,
496 1476 576 1558 quod
592 1477 719 1539 uerbum
733 1479 848 1541 undio?
1086 1482 1145 1542 240

183 1593 239 1653 Pa.
269 1592 375 1670 Quid?
408 1591 560 1666 Chremes,
582 1592 635 1672 qui
656 1593 821 1674 denegaret
843 1597 875 1655 se
895 1595 1066 1656 eommissu·

423 1705 491 1764 rfim
506 1703 582 1764 mihi

265 1813 397 1877 Guttam
421 1835 508 1876 suem
534 1837 669 1890 uxorem,
693 1818 727 1878 id
750 1816 893 1891 mutauit,
917 1819 991 1898 quis
1017 1839 1066 1880 me

423 1928 608 1990 inmutetirm
622 1929 727 1992 uidet?

264 2041 353 2103 Itane
368 2040 518 2104 obstinate
539 2041 593 2103 det
612 2063 744 2123 operam,
759 2051 794 2103 ut
813 2062 863 2105 me
882 2063 902 2104 e
922 2040 1066 2124 Glyeerio

423 2156 567 2218 miserum
581 2157 761 2219 abstrahat?

265 2271 356 2349 Quod
370 2273 397 2332 si
410 2270 453 2344 fit,
468 2291 557 2350 pereo
571 2271 716 2333 ffinditus.

138 2391 141 2397 '
264 2385 372 2448 Adeon
387 2386 540 2447 hominem
555 2407 617 2447 esse
629 2387 826 2448 inuenustum
844 2393 899 2448 sut
911 2385 1063 2448 infelicem

423 2502 615 2579 quemquam,
629 2507 664 2560 ut
678 2519 733 2580 ego
746 2501 833 2561 sumi
1085 2500 1144 2560 245

262 2613 322 2676 Pro
337 2614 429 2675 deum
442 2622 534 2695 atque
547 2613 706 2675 hominnm
719 2613 828 2676 fidemi

261 2725 378 2788 Nellon
398 2747 454 2807 ego
474 2725 643 2788 Chremetis
662 2733 752 2807 pecto
772 2724 965 2787 adfinitatem
984 2726 1063 2786 ecfri-

421 2861 491 2921 gere
505 2841 631 2921 potero?

261 2953 346 3032 Quot
373 2953 470 3015 modis
492 2957 689 3033 contemptus,
704 2953 838 3034 spretusi
859 2952 949 3027 fiete,
966 2962 1062 3014 trans-

420 3076 490 3128 acta
502 3061 614 3128 omnia.
655 3066 747 3140 Hem,

259 3180 450 3261 Repudiatus
474 3183 609 3260 repeton:
631 3201 724 3260 quam
748 3179 873 3240 obrem?
896 3178 956 3239 nisi
979 3179 1005 3238 si
1031 3180 1062 3239 id

420 3303 473 3368 est,
488 3293 569 3374 quod
582 3293 734 3374 snspieor:

259 3388 390 3486 Aliquid
405 3407 531 3468 monstri
550 3404 654 3465 elfint:
676 3423 712 3462 ea
725 3403 870 3481 quonism
884 3401 998 3460 nemini
1012 3401 1062 3458 ob·

421 3516 507 3577 trudi
519 3522 627 3594 potest,
1084 3505 1142 3560 250
