2612 3760
173 121 425 209 sever-57]
532 139 787 190 Ansrrnos.
1075 127 1138 192 113

259 297 340 374 Quoi
360 299 503 357 ueneram
524 295 710 358 aduoesitus?
739 296 792 359 sed
813 296 887 378 quid
908 297 975 370 ists,
998 295 1058 359 Ae·

417 409 529 483 sehine,

258 523 393 586 Nostra?
413 524 466 584 ait
492 523 565 603 quid
589 521 676 584 nobis
700 542 770 583 cum
794 521 878 585 sslis?
905 521 1057 584 abeamris.
1086 551 1088 561 ι

419 635 572 715 quidest?

260 734 345 828 Quid
359 749 530 808 lacrumas?
571 746 625 810 Ae.
648 747 749 820 Pater,
765 747 896 822 ebsecro,
910 747 1057 812 ausculta.

420 861 475 922 Ms'.
490 859 650 934 Aeschine,
666 859 772 921 audiui
786 861 888 922 <imnis

260 955 303 1036 Et
312 975 388 1036 seio:
403 995 475 1035 nam
485 977 515 1035 66
526 995 614 1036 amo:
629 994 688 1055 quo
700 974 796 1054 magis
806 977 884 1054 quae
894 975 959 1055 agis
969 995 1059 1036 curas

421 1087 491 1146 srint
505 1085 590 1147 mihi.
911 1157 914 1163 Ι
1080 1085 1139 1146 680

174 1200 233 1262 Ae.
263 1181 313 1261 ita
332 1199 427 1260 uelim
448 1220 496 1260 me
517 1203 739 1279 primersntem
760 1201 851 1272 amsa,
869 1198 942 1268 dum
963 1200 1059 1273 uiues,

421 1315 466 1372 mi
479 1322 574 1393 pater,

261 1409 308 1491 Vt
327 1449 376 1489 me
397 1429 454 1490 hoe
475 1429 619 1490 delictum
641 1429 795 1490 idmisisse
812 1429 845 1489 in
866 1449 923 1502 me,
937 1428 971 1488 id
985 1427 1060 1488 mihi

424 1545 579 1602 uementer
594 1541 676 1604 dolet

263 1643 307 1721 Et
324 1677 373 1718 ms
386 1656 432 1717 tui
447 1655 549 1736 pudet.
592 1655 647 1716 Mi.
668 1655 766 1716 Credo
787 1655 904 1717 hercle:
925 1675 996 1714 nam
1017 1657 1061 1715 in·

422 1767 546 1848 genium
560 1768 634 1828 noui
647 1774 732 1827 tuom

263 1883 422 1947 Liberale:
444 1883 495 1944 sed
509 1903 615 1943 uereor
628 1903 667 1942 ne
680 1881 843 1960 indiligens
856 1881 982 1940 nimiim
998 1880 1062 1941 sies.

263 1981 302 2060 in
316 2020 378 2080 qua
391 1998 514 2059 ciuitite
528 1996 652 2057 tandem
666 2005 696 2056 te
709 1995 858 2056 irbitrare
871 1996 996 2055 uiuere?
1083 1995 1141 2057 685

262 2113 423 2194 Virginem
438 2111 562 2185 uitissti,
576 2130 669 2191 quam
683 2118 713 2171 te
727 2111 788 2169 usn
808 2108 854 2169 ius
876 2108 977 2170 fuerat
998 2110 1062 2168 tin-

423 2247 501 2307 gere.

262 2341 331 2404 Iam
344 2341 377 2402 id
391 2349 549 2421 peecatum
563 2339 698 2419 primum
709 2357 863 2417 magnum,
874 2339 1021 2416 maynum,
1030 2344 1063 2396 at

421 2455 589 2514 humanim
604 2461 722 2513 tamen:

262 2569 375 2631 Fecere
394 2569 449 2630 alii
469 2571 558 2647 saepe
579 2567 652 2628 item
673 2564 753 2626 boni.
795 2572 827 2624 st
848 2567 1007 2643 pristquam
1029 2561 1061 2622 id

421 2682 532 2754 euenit,
547 2680 620 2741 cedo

262 2795 421 2875 Nfimquid
435 2793 669 2872 circumspexti?
683 2800 737 2852 aut
752 2789 901 2868 numquid
916 2791 980 2849 trite
993 2809 1060 2867 pro-

422 2907 523 2985 spexti
536 2904 601 2976 tibi,

263 3019 348 3098 Quid
362 3018 466 3078 fieret?
487 3038 547 3098 qua
561 3015 669 3076 fieret?
689 3014 714 3075 si
728 3023 758 3075 te
772 3013 814 3073 mi
829 3015 929 3092 ipsum
950 3013 1061 3091 puduit

427 3131 576 3212 priloqui,
1081 3125 1140 3186 690

264 3246 335 3325 Qui
359 3244 566 3306 resciscerem?
592 3243 668 3304 haec
694 3243 767 3302 dum
792 3240 922 3312 dubitas,
945 3242 1060 3300 menses

423 3357 563 3418 abierint
578 3355 689 3414 decem.

315 3467 439 3521 8-Ter.
628 3462 682 3512 K2
