<?xml version="1.0" encoding="UTF-8"?>
<!DOCTYPE html PUBLIC "-//W3C//DTD XHTML 1.0 Transitional//EN"
    "http://www.w3.org/TR/xhtml1/DTD/xhtml1-transitional.dtd">
<html xmlns="http://www.w3.org/1999/xhtml" xml:lang="en" lang="en">
 <head>
  <title>
</title>
<meta http-equiv="Content-Type" content="text/html;charset=utf-8" />
  <meta name='ocr-system' content='tesseract 3.04.00' />
  <meta name='ocr-capabilities' content='ocr_page ocr_carea ocr_par ocr_line ocrx_word'/>
</head>
<body>
  <div class='ocr_page' id='page_1' title='image "andriaandadelph00teregoog_0057.png"; bbox 0 0 2582 3762; ppageno 0'>
   <div class='ocr_carea' id='block_1_1' title="bbox 179 171 1139 260">
    <p class='ocr_par' dir='ltr' id='par_1_1' title="bbox 179 171 1139 260">
     <span class='ocr_line' id='line_1_1' title="bbox 179 171 1139 260; baseline 0.009 -27"><span class='ocrx_word' id='word_1_1' title='bbox 179 171 222 236; x_wconf 88' lang='lat'>48</span> <span class='ocrx_word' id='word_1_2' title='bbox 531 188 570 235; x_wconf 81' lang='grc' dir='ltr'>Ρ.</span> <span class='ocrx_word' id='word_1_3' title='bbox 594 187 788 235; x_wconf 69' lang='lat' dir='ltr'>sussum</span> <span class='ocrx_word' id='word_1_4' title='bbox 973 172 1054 260; x_wconf 83' lang='lat' dir='ltr'>[Aet</span> <span class='ocrx_word' id='word_1_5' title='bbox 1069 173 1139 242; x_wconf 88' lang='lat' dir='ltr'>IV.</span> 
     </span>
    </p>
   </div>
   <div class='ocr_carea' id='block_1_2' title="bbox 96 340 1141 3437">
    <p class='ocr_par' dir='ltr' id='par_1_2' title="bbox 96 340 1141 3437">
     <span class='ocr_line' id='line_1_2' title="bbox 258 340 1057 425; baseline 0.005 -23"><span class='ocrx_word' id='word_1_6' title='bbox 258 340 289 401; x_wconf 89' lang='lat' dir='ltr'>N</span> <span class='ocrx_word' id='word_1_7' title='bbox 290 362 339 403; x_wconf 83' lang='lat' dir='ltr'>am</span> <span class='ocrx_word' id='word_1_8' title='bbox 354 340 466 403; x_wconf 78' lang='lat' dir='ltr'>idcireo</span> <span class='ocrx_word' id='word_1_9' title='bbox 481 362 622 419; x_wconf 82' lang='lat' dir='ltr'>arcessor,</span> <span class='ocrx_word' id='word_1_10' title='bbox 634 344 758 424; x_wconf 79' lang='lat' dir='ltr'>nuptias</span> <span class='ocrx_word' id='word_1_11' title='bbox 770 343 851 424; x_wconf 92' lang='lat' dir='ltr'>quod</span> <span class='ocrx_word' id='word_1_12' title='bbox 863 344 905 404; x_wconf 87' lang='lat' dir='ltr'>mi</span> <span class='ocrx_word' id='word_1_13' title='bbox 916 345 1057 425; x_wconf 71' lang='lat' dir='ltr'>sdparari</span> 
     </span>
     <span class='ocr_line' id='line_1_3' title="bbox 417 450 1141 521; baseline 0.007 -5"><span class='ocrx_word' id='word_1_14' title='bbox 417 455 517 516; x_wconf 72' lang='lat' dir='ltr'>sensit,</span> <span class='ocrx_word' id='word_1_15' title='bbox 1006 450 1009 456; x_wconf 63' lang='grc'><strong>’</strong></span> <span class='ocrx_word' id='word_1_16' title='bbox 1079 460 1141 521; x_wconf 88' lang='grc'>690</span> 
     </span>
     <span class='ocr_line' id='line_1_4' title="bbox 184 564 1058 649; baseline 0 -22"><span class='ocrx_word' id='word_1_17' title='bbox 184 564 235 627; x_wconf 79' lang='lat' dir='ltr'>ot.</span> <span class='ocrx_word' id='word_1_18' title='bbox 261 564 382 642; x_wconf 77' lang='lat' dir='ltr'>Quibus</span> <span class='ocrx_word' id='word_1_19' title='bbox 402 566 526 646; x_wconf 77' lang='lat' dir='ltr'>quidem</span> <span class='ocrx_word' id='word_1_20' title='bbox 547 585 638 647; x_wconf 83' lang='lat' dir='ltr'>quam</span> <span class='ocrx_word' id='word_1_21' title='bbox 659 564 749 626; x_wconf 83' lang='lat' dir='ltr'>facile</span> <span class='ocrx_word' id='word_1_22' title='bbox 772 568 913 647; x_wconf 71' lang='lat' dir='ltr'>putuerat</span> <span class='ocrx_word' id='word_1_23' title='bbox 937 568 1058 649; x_wconf 75' lang='lat' dir='ltr'>quiesci,</span> 
     </span>
     <span class='ocr_line' id='line_1_5' title="bbox 416 679 666 760; baseline -0.004 -19"><span class='ocrx_word' id='word_1_24' title='bbox 416 679 507 741; x_wconf 82' lang='lat' dir='ltr'>sihic</span> <span class='ocrx_word' id='word_1_25' title='bbox 521 679 666 760; x_wconf 64' lang='lat' dir='ltr'>quiesset!</span> 
     </span>
     <span class='ocr_line' id='line_1_6' title="bbox 177 792 1055 876; baseline 0.001 -21"><span class='ocrx_word' id='word_1_26' title='bbox 177 793 237 856; x_wconf 87' lang='lat' dir='ltr'>Du.</span> <span class='ocrx_word' id='word_1_27' title='bbox 258 792 336 874; x_wconf 87' lang='lat' dir='ltr'><strong>Age,</strong></span> <span class='ocrx_word' id='word_1_28' title='bbox 350 793 375 855; x_wconf 87' lang='lat' dir='ltr'>si</span> <span class='ocrx_word' id='word_1_29' title='bbox 388 793 513 855; x_wconf 77' lang='lat' dir='ltr'>hicnon</span> <span class='ocrx_word' id='word_1_30' title='bbox 527 793 640 853; x_wconf 78' lang='lat' dir='ltr'><strong>insanit</strong></span> <span class='ocrx_word' id='word_1_31' title='bbox 654 792 727 854; x_wconf 84' lang='lat' dir='ltr'>satis</span> <span class='ocrx_word' id='word_1_32' title='bbox 741 813 797 854; x_wconf 82' lang='lat' dir='ltr'>sua</span> <span class='ocrx_word' id='word_1_33' title='bbox 810 795 925 873; x_wconf 75' lang='lat' dir='ltr'>sptnte,</span> <span class='ocrx_word' id='word_1_34' title='bbox 937 794 1055 876; x_wconf 72' lang='lat' dir='ltr'>instigs</span> 
     </span>
     <span class='ocr_line' id='line_1_7' title="bbox 416 903 716 984; baseline -0.003 -20"><span class='ocrx_word' id='word_1_35' title='bbox 416 903 478 984; x_wconf 75' lang='lat' dir='ltr'>My,</span> <span class='ocrx_word' id='word_1_36' title='bbox 492 904 596 984; x_wconf 82' lang='lat' dir='ltr'>Atque</span> <span class='ocrx_word' id='word_1_37' title='bbox 609 903 716 983; x_wconf 75' lang='lat' dir='ltr'>edepol</span> 
     </span>
     <span class='ocr_line' id='line_1_8' title="bbox 256 1017 1055 1097; baseline -0.001 -17"><span class='ocrx_word' id='word_1_38' title='bbox 256 1019 304 1080; x_wconf 85' lang='lat' dir='ltr'>Ea</span> <span class='ocrx_word' id='word_1_39' title='bbox 325 1019 371 1080; x_wconf 77' lang='lat' dir='ltr'>res</span> <span class='ocrx_word' id='word_1_40' title='bbox 391 1026 452 1079; x_wconf 77' lang='lat' dir='ltr'>est:</span> <span class='ocrx_word' id='word_1_41' title='bbox 473 1018 691 1097; x_wconf 70' lang='lat' dir='ltr'>propteretque</span> <span class='ocrx_word' id='word_1_42' title='bbox 705 1037 788 1079; x_wconf 82' lang='lat' dir='ltr'>nune</span> <span class='ocrx_word' id='word_1_43' title='bbox 808 1017 917 1078; x_wconf 82' lang='lat' dir='ltr'>misera</span> <span class='ocrx_word' id='word_1_44' title='bbox 930 1020 963 1078; x_wconf 75' lang='lat' dir='ltr'>in</span> <span class='ocrx_word' id='word_1_45' title='bbox 977 1038 1055 1079; x_wconf 81' lang='lat' dir='ltr'>mae</span> 
     </span>
     <span class='ocr_line' id='line_1_9' title="bbox 417 1127 739 1208; baseline 0 -20"><span class='ocrx_word' id='word_1_46' title='bbox 417 1136 520 1189; x_wconf 86' lang='lat' dir='ltr'>rorest.</span> <span class='ocrx_word' id='word_1_47' title='bbox 561 1127 617 1189; x_wconf 88' lang='lat' dir='ltr'>Pa.</span> <span class='ocrx_word' id='word_1_48' title='bbox 633 1127 739 1208; x_wconf 65' lang='lat' dir='ltr'>Mysis,</span> 
     </span>
     <span class='ocr_line' id='line_1_10' title="bbox 203 1240 1054 1323; baseline -0.001 -20"><span class='ocrx_word' id='word_1_49' title='bbox 203 1264 206 1269; x_wconf 93' lang='lat'>·</span> <span class='ocrx_word' id='word_1_50' title='bbox 256 1242 316 1303; x_wconf 91' lang='lat' dir='ltr'>Per</span> <span class='ocrx_word' id='word_1_51' title='bbox 333 1242 431 1304; x_wconf 78' lang='lat' dir='ltr'>omnis</span> <span class='ocrx_word' id='word_1_52' title='bbox 452 1240 508 1302; x_wconf 87' lang='lat' dir='ltr'>tibi</span> <span class='ocrx_word' id='word_1_53' title='bbox 529 1241 636 1302; x_wconf 77' lang='lat' dir='ltr'>adiuu&#39;)</span> <span class='ocrx_word' id='word_1_54' title='bbox 650 1241 729 1315; x_wconf 90' lang='lat' dir='ltr'>deos,</span> <span class='ocrx_word' id='word_1_55' title='bbox 743 1261 912 1323; x_wconf 83' lang='lat' dir='ltr'>numquam</span> <span class='ocrx_word' id='word_1_56' title='bbox 926 1243 992 1303; x_wconf 71' lang='grc' dir='ltr'>θέω</span> <span class='ocrx_word' id='word_1_57' title='bbox 1006 1262 1054 1302; x_wconf 93' lang='lat' dir='ltr'>me</span> 
     </span>
     <span class='ocr_line' id='line_1_11' title="bbox 416 1349 613 1426; baseline -0.01 -13"><span class='ocrx_word' id='word_1_58' title='bbox 416 1349 613 1426; x_wconf 74' lang='lat' dir='ltr'>deserturum,</span> 
     </span>
     <span class='ocr_line' id='line_1_12' title="bbox 256 1463 1053 1546; baseline 0.001 -19"><span class='ocrx_word' id='word_1_59' title='bbox 256 1466 336 1540; x_wconf 88' lang='lat' dir='ltr'>Non,</span> <span class='ocrx_word' id='word_1_60' title='bbox 360 1468 386 1527; x_wconf 80' lang='lat' dir='ltr'>si</span> <span class='ocrx_word' id='word_1_61' title='bbox 409 1465 575 1546; x_wconf 83' lang='lat' dir='ltr'>capiundos</span> <span class='ocrx_word' id='word_1_62' title='bbox 602 1465 679 1526; x_wconf 73' lang='lat' dir='ltr'><strong>mihi</strong></span> <span class='ocrx_word' id='word_1_63' title='bbox 706 1466 799 1527; x_wconf 82' lang='lat' dir='ltr'>sciam</span> <span class='ocrx_word' id='word_1_64' title='bbox 827 1487 890 1528; x_wconf 88' lang='lat' dir='ltr'>esse</span> <span class='ocrx_word' id='word_1_65' title='bbox 916 1463 1053 1528; x_wconf 74' lang='lat' dir='ltr'>inimicos</span> 
     </span>
     <span class='ocr_line' id='line_1_13' title="bbox 416 1576 1134 1641; baseline 0.003 -2"><span class='ocrx_word' id='word_1_66' title='bbox 416 1577 514 1639; x_wconf 89' lang='lat' dir='ltr'>omnis</span> <span class='ocrx_word' id='word_1_67' title='bbox 535 1576 679 1638; x_wconf 70' lang='lat' dir='ltr'>hemines.</span> <span class='ocrx_word' id='word_1_68' title='bbox 1073 1579 1134 1641; x_wconf 88' lang='lat'>695</span> 
     </span>
     <span class='ocr_line' id='line_1_14' title="bbox 255 1689 1051 1770; baseline 0 -17"><span class='ocrx_word' id='word_1_69' title='bbox 255 1692 347 1753; x_wconf 82' lang='lat' dir='ltr'><strong>Hanc</strong></span> <span class='ocrx_word' id='word_1_70' title='bbox 361 1691 404 1752; x_wconf 92' lang='lat' dir='ltr'>mi</span> <span class='ocrx_word' id='word_1_71' title='bbox 417 1689 561 1770; x_wconf 73' lang='lat' dir='ltr'>expetiui‚</span> <span class='ocrx_word' id='word_1_72' title='bbox 576 1689 718 1770; x_wconf 73' lang='lat' dir='ltr'>ctntigit:</span> <span class='ocrx_word' id='word_1_73' title='bbox 741 1689 926 1751; x_wconf 74' lang='lat' dir='ltr'>conueniunt</span> <span class='ocrx_word' id='word_1_74' title='bbox 939 1711 1051 1753; x_wconf 89' lang='lat' dir='ltr'>mores:</span> 
     </span>
     <span class='ocr_line' id='line_1_15' title="bbox 416 1803 541 1865; baseline -0.008 0"><span class='ocrx_word' id='word_1_75' title='bbox 416 1803 541 1865; x_wconf 70' lang='lat' dir='ltr'>utleant</span> 
     </span>
     <span class='ocr_line' id='line_1_16' title="bbox 255 1915 1051 1997; baseline -0.004 -17"><span class='ocrx_word' id='word_1_76' title='bbox 255 1918 319 1997; x_wconf 77' lang='lat' dir='ltr'>Qui</span> <span class='ocrx_word' id='word_1_77' title='bbox 333 1919 480 1980; x_wconf 77' lang='lat' dir='ltr'>internos</span> <span class='ocrx_word' id='word_1_78' title='bbox 494 1916 654 1977; x_wconf 79' lang='lat' dir='ltr'>discidium</span> <span class='ocrx_word' id='word_1_79' title='bbox 668 1915 796 1976; x_wconf 84' lang='lat' dir='ltr'>uolunt:</span> <span class='ocrx_word' id='word_1_80' title='bbox 811 1915 891 1977; x_wconf 81' lang='lat' dir='ltr'>hanc</span> <span class='ocrx_word' id='word_1_81' title='bbox 901 1915 960 1976; x_wconf 74' lang='lat' dir='ltr'>nisi</span> <span class='ocrx_word' id='word_1_82' title='bbox 971 1937 1051 1977; x_wconf 88' lang='lat' dir='ltr'>mors</span> 
     </span>
     <span class='ocr_line' id='line_1_17' title="bbox 413 2031 694 2092; baseline 0 -2"><span class='ocrx_word' id='word_1_83' title='bbox 413 2032 456 2090; x_wconf 93' lang='lat' dir='ltr'>mi</span> <span class='ocrx_word' id='word_1_84' title='bbox 470 2031 584 2092; x_wconf 81' lang='lat' dir='ltr'>adimet</span> <span class='ocrx_word' id='word_1_85' title='bbox 597 2033 694 2091; x_wconf 73' lang='lat' dir='ltr'>nemo.</span> 
     </span>
     <span class='ocr_line' id='line_1_18' title="bbox 96 2140 1050 2226; baseline -0.005 -17"><span class='ocrx_word' id='word_1_86' title='bbox 96 2215 102 2220; x_wconf 65' lang='grc'>,</span> <span class='ocrx_word' id='word_1_87' title='bbox 179 2146 229 2220; x_wconf 69' lang='lat' dir='ltr'>Oh.</span> <span class='ocrx_word' id='word_1_88' title='bbox 255 2145 418 2226; x_wconf 77' lang='lat' dir='ltr'>Resiptsuo.</span> <span class='ocrx_word' id='word_1_89' title='bbox 459 2144 515 2207; x_wconf 86' lang='lat' dir='ltr'>Pa.</span> <span class='ocrx_word' id='word_1_90' title='bbox 543 2142 615 2204; x_wconf 85' lang='lat' dir='ltr'>Non</span> <span class='ocrx_word' id='word_1_91' title='bbox 639 2140 794 2222; x_wconf 67' lang='lat' dir='ltr'>Apellinis</span> <span class='ocrx_word' id='word_1_92' title='bbox 820 2141 917 2222; x_wconf 82' lang='lat' dir='ltr'>magis</span> <span class='ocrx_word' id='word_1_93' title='bbox 944 2145 1050 2204; x_wconf 71' lang='lat' dir='ltr'>uerum</span> 
     </span>
     <span class='ocr_line' id='line_1_19' title="bbox 414 2255 814 2337; baseline -0.01 -19"><span class='ocrx_word' id='word_1_94' title='bbox 414 2265 505 2337; x_wconf 82' lang='lat' dir='ltr'>utque</span> <span class='ocrx_word' id='word_1_95' title='bbox 525 2255 582 2317; x_wconf 88' lang='lat' dir='ltr'>hoc</span> <span class='ocrx_word' id='word_1_96' title='bbox 603 2257 814 2335; x_wconf 78' lang='lat' dir='ltr'>resptnsumst</span> 
     </span>
     <span class='ocr_line' id='line_1_20' title="bbox 251 2367 1048 2454; baseline -0.008 -19"><span class='ocrx_word' id='word_1_97' title='bbox 251 2372 285 2435; x_wconf 84' lang='lat' dir='ltr'>Si</span> <span class='ocrx_word' id='word_1_98' title='bbox 308 2371 420 2454; x_wconf 71' lang='lat' dir='ltr'>peterit</span> <span class='ocrx_word' id='word_1_99' title='bbox 443 2369 517 2444; x_wconf 86' lang='lat' dir='ltr'>fieri,</span> <span class='ocrx_word' id='word_1_100' title='bbox 538 2377 574 2430; x_wconf 89' lang='lat' dir='ltr'>ut</span> <span class='ocrx_word' id='word_1_101' title='bbox 601 2371 639 2428; x_wconf 77' lang='lat' dir='ltr'>ne</span> <span class='ocrx_word' id='word_1_102' title='bbox 666 2375 753 2446; x_wconf 82' lang='lat' dir='ltr'>pater</span> <span class='ocrx_word' id='word_1_103' title='bbox 778 2386 833 2446; x_wconf 87' lang='lat' dir='ltr'>per</span> <span class='ocrx_word' id='word_1_104' title='bbox 860 2369 909 2429; x_wconf 77' lang='lat' dir='ltr'>me</span> <span class='ocrx_word' id='word_1_105' title='bbox 935 2367 1048 2430; x_wconf 78' lang='lat' dir='ltr'>stetisse</span> 
     </span>
     <span class='ocr_line' id='line_1_21' title="bbox 410 2481 524 2555; baseline -0.009 -11"><span class='ocrx_word' id='word_1_106' title='bbox 410 2481 524 2555; x_wconf 76' lang='lat' dir='ltr'>credat,</span> 
     </span>
     <span class='ocr_line' id='line_1_22' title="bbox 252 2589 1047 2674; baseline -0.006 -17"><span class='ocrx_word' id='word_1_107' title='bbox 252 2595 322 2674; x_wconf 79' lang='lat' dir='ltr'>Quo</span> <span class='ocrx_word' id='word_1_108' title='bbox 342 2597 443 2656; x_wconf 73' lang='lat' dir='ltr'>minus</span> <span class='ocrx_word' id='word_1_109' title='bbox 464 2591 538 2654; x_wconf 80' lang='lat' dir='ltr'>haec</span> <span class='ocrx_word' id='word_1_110' title='bbox 558 2591 665 2652; x_wconf 86' lang='lat' dir='ltr'>fierent</span> <span class='ocrx_word' id='word_1_111' title='bbox 681 2589 815 2670; x_wconf 78' lang='lat' dir='ltr'>nuptiae,</span> <span class='ocrx_word' id='word_1_112' title='bbox 829 2589 908 2652; x_wconf 70' lang='lat' dir='ltr'>uolt.</span> <span class='ocrx_word' id='word_1_113' title='bbox 948 2590 1001 2652; x_wconf 86' lang='lat' dir='ltr'>sed</span> <span class='ocrx_word' id='word_1_114' title='bbox 1021 2591 1047 2652; x_wconf 91' lang='lat' dir='ltr'>si</span> 
     </span>
     <span class='ocr_line' id='line_1_23' title="bbox 409 2705 1129 2786; baseline 0.003 -19"><span class='ocrx_word' id='word_1_115' title='bbox 409 2705 443 2767; x_wconf 93' lang='lat' dir='ltr'>id</span> <span class='ocrx_word' id='word_1_116' title='bbox 455 2725 515 2767; x_wconf 89' lang='lat' dir='ltr'>non</span> <span class='ocrx_word' id='word_1_117' title='bbox 529 2705 649 2786; x_wconf 72' lang='lat' dir='ltr'>peterit,</span> <span class='ocrx_word' id='word_1_118' title='bbox 1068 2707 1129 2770; x_wconf 83' lang='lat'>700</span> 
     </span>
     <span class='ocr_line' id='line_1_24' title="bbox 250 2816 1046 2906; baseline -0.003 -25"><span class='ocrx_word' id='word_1_119' title='bbox 250 2819 289 2883; x_wconf 93' lang='lat' dir='ltr'>Id</span> <span class='ocrx_word' id='word_1_120' title='bbox 302 2820 420 2906; x_wconf 67' lang='lat' dir='ltr'>fecium,</span> <span class='ocrx_word' id='word_1_121' title='bbox 434 2819 467 2880; x_wconf 91' lang='lat' dir='ltr'>in</span> <span class='ocrx_word' id='word_1_122' title='bbox 480 2817 611 2900; x_wconf 72' lang='lat' dir='ltr'>procliui</span> <span class='ocrx_word' id='word_1_123' title='bbox 631 2816 713 2896; x_wconf 88' lang='lat' dir='ltr'>quod</span> <span class='ocrx_word' id='word_1_124' title='bbox 734 2824 787 2890; x_wconf 88' lang='lat' dir='ltr'>est,</span> <span class='ocrx_word' id='word_1_125' title='bbox 801 2836 857 2896; x_wconf 88' lang='lat' dir='ltr'>per</span> <span class='ocrx_word' id='word_1_126' title='bbox 869 2818 919 2878; x_wconf 76' lang='lat' dir='ltr'>me</span> <span class='ocrx_word' id='word_1_127' title='bbox 932 2817 1046 2880; x_wconf 85' lang='lat' dir='ltr'>stetisse</span> 
     </span>
     <span class='ocr_line' id='line_1_25' title="bbox 408 2931 569 2993; baseline 0 0"><span class='ocrx_word' id='word_1_128' title='bbox 408 2940 444 2993; x_wconf 88' lang='lat' dir='ltr'>ut</span> <span class='ocrx_word' id='word_1_129' title='bbox 457 2931 569 2993; x_wconf 76' lang='lat' dir='ltr'>eredat</span> 
     </span>
     <span class='ocr_line' id='line_1_26' title="bbox 249 3042 1043 3124; baseline -0.004 -17"><span class='ocrx_word' id='word_1_130' title='bbox 249 3045 327 3124; x_wconf 75' lang='lat' dir='ltr'>Quis</span> <span class='ocrx_word' id='word_1_131' title='bbox 337 3045 463 3106; x_wconf 77' lang='lat' dir='ltr'>uideor?</span> <span class='ocrx_word' id='word_1_132' title='bbox 502 3043 552 3107; x_wconf 67' lang='lat' dir='ltr'>Gt.</span> <span class='ocrx_word' id='word_1_133' title='bbox 567 3042 670 3118; x_wconf 88' lang='lat' dir='ltr'>Miser,</span> <span class='ocrx_word' id='word_1_134' title='bbox 681 3061 775 3122; x_wconf 85' lang='lat' dir='ltr'>aeque</span> <span class='ocrx_word' id='word_1_135' title='bbox 785 3044 875 3122; x_wconf 65' lang='lat' dir='ltr'>etque</span> <span class='ocrx_word' id='word_1_136' title='bbox 886 3063 949 3123; x_wconf 75' lang='lat' dir='ltr'>ego,</span> <span class='ocrx_word' id='word_1_137' title='bbox 983 3043 1043 3104; x_wconf 83' lang='lat' dir='ltr'>Da.</span> 
     </span>
     <span class='ocr_line' id='line_1_27' title="bbox 409 3153 944 3234; baseline 0 -18"><span class='ocrx_word' id='word_1_138' title='bbox 409 3154 577 3216; x_wconf 74' lang='lat' dir='ltr'>Consilium</span> <span class='ocrx_word' id='word_1_139' title='bbox 591 3174 711 3234; x_wconf 82' lang='lat' dir='ltr'>quaero.</span> <span class='ocrx_word' id='word_1_140' title='bbox 757 3153 809 3216; x_wconf 75' lang='lat' dir='ltr'>ot.</span> <span class='ocrx_word' id='word_1_141' title='bbox 824 3153 944 3216; x_wconf 87' lang='lat' dir='ltr'>Forti&#39;s.</span> 
     </span>
     <span class='ocr_line' id='line_1_28' title="bbox 168 3264 1043 3347; baseline 0 -19"><span class='ocrx_word' id='word_1_142' title='bbox 168 3267 224 3328; x_wconf 82' lang='lat' dir='ltr'>Pa.</span> <span class='ocrx_word' id='word_1_143' title='bbox 248 3266 316 3328; x_wconf 78' lang='lat' dir='ltr'>seio</span> <span class='ocrx_word' id='word_1_144' title='bbox 337 3266 411 3347; x_wconf 88' lang='lat' dir='ltr'>quid</span> <span class='ocrx_word' id='word_1_145' title='bbox 431 3285 547 3327; x_wconf 83' lang='lat' dir='ltr'>uouere.</span> <span class='ocrx_word' id='word_1_146' title='bbox 586 3265 647 3326; x_wconf 83' lang='lat' dir='ltr'>Du.</span> <span class='ocrx_word' id='word_1_147' title='bbox 668 3264 738 3327; x_wconf 90' lang='lat' dir='ltr'>Hoc</span> <span class='ocrx_word' id='word_1_148' title='bbox 758 3268 813 3345; x_wconf 76' lang='lat' dir='ltr'>ego</span> <span class='ocrx_word' id='word_1_149' title='bbox 833 3264 890 3326; x_wconf 88' lang='lat' dir='ltr'>tibi</span> <span class='ocrx_word' id='word_1_150' title='bbox 909 3267 1043 3346; x_wconf 75' lang='lat' dir='ltr'>profecto</span> 
     </span>
     <span class='ocr_line' id='line_1_29' title="bbox 409 3375 695 3437; baseline -0.003 0"><span class='ocrx_word' id='word_1_151' title='bbox 409 3375 547 3437; x_wconf 81' lang='lat' dir='ltr'>effectum</span> <span class='ocrx_word' id='word_1_152' title='bbox 561 3375 695 3437; x_wconf 73' lang='lat' dir='ltr'>reddam.</span> 
     </span>
    </p>
   </div>
   <div class='ocr_carea' id='block_1_3' title="bbox 0 0 1296 3762">
    <p class='ocr_par' dir='ltr' id='par_1_3' title="bbox 0 0 1296 3762">
     <span class='ocr_line' id='line_1_30' title="bbox 0 0 1296 3762; baseline 0 1"><span class='ocrx_word' id='word_1_153' title='bbox 0 0 1296 3762; x_wconf 95' lang='lat' dir='ltr'> </span> 
     </span>
    </p>
   </div>
  </div>
 </body>
</html>
