2604 3778
165 197 502 284 So.11.o1-111.39.]
547 211 739 260 555515.
1082 193 1125 258 39

165 378 208 440 Si.
246 375 346 436 Immo
359 375 405 436 itu
418 373 489 435 uolo
503 372 607 453 itaque
621 369 741 450 postulo
755 376 791 430 ut
804 367 867 443 051,
881 366 1042 430 Chremes:
1067 367 1126 428 550

166 501 172 518 ’
249 487 357 568 Neque
376 484 526 567 postulem
555 483 609 544 abs
636 491 676 556 te,
697 481 729 542 ui
757 482 825 561 ipsa
849 499 895 540 res
919 481 1048 542 monedt.

413 597 463 661 05.
485 596 570 674 Quid
585 595 650 656 est?

168 715 212 778 Si
249 713 319 775 Irae
345 720 416 773 sunt
443 711 523 771 inter
549 706 728 788 Glycerium
755 713 795 784 et,
812 712 949 787 gnatum.
996 703 1047 766 os

409 823 521 885 Audio.

167 939 210 1001 ui.
248 936 298 998 Ita
331 938 468 1016 mdgnse,
503 943 539 995 ut
571 953 687 1013 sperem
721 934 806 1012 posse
840 930 943 992 suelli.
997 929 1047 993 015

410 1048 556 1111 Ftbulue.

168 1165 211 1228 Si.
248 1163 388 1226 Profecto
401 1162 444 1224 sic
457 1170 510 1222 est.
557 1159 608 1224 05.
626 1159 677 1222 Sic
691 1159 794 1220 hercle
807 1167 843 1219 ut
856 1157 956 1220 dicim
971 1157 1047 1218 tibi:

251 1275 432 1338 Amdntium
446 1275 510 1334 irae
524 1273 635 1334 amoris
649 1272 848 1352 integrdtiost.
1070 1269 1129 1329 555

168 1390 213 1453 Si.
251 1390 343 1462 Hem,
357 1388 390 1448 id
410 1397 440 1449 te
461 1391 514 1449 oro
535 1397 571 1448 ut
591 1396 662 1448 ante
683 1389 794 1448 55555.
836 1387 910 1447 dum
932 1387 1050 1466 tempus

411 1498 512 1571 datur,

252 1613 396 1692 Dumque
409 1613 473 1672 eius
487 1609 593 1672 lubido
608 1610 756 1672 occhissst
770 1609 971 1684 contumeliis,

252 1726 342 1787 Prius
356 1744 447 1805 quum
457 1724 566 1784 hsrum
576 1723 689 1784 scelera
700 1733 730 1785 et
741 1722 894 1785 ltcrumce
905 1721 1050 1784 confictae

412 1836 490 1898 dolis

254 1951 438 2013 Redddcunt
446 1951 583 2012 animum
592 1952 750 2030 aegrotum
759 1950 1052 2023 admisericdrdiam,

253 2065 391 2144 onrem
405 2065 518 2126 demus.
559 2067 646 2144 spero
661 2065 876 2126 consuetudine
889 2073 920 2125 st
1073 2063 1133 2124 560

254 2176 401 2256 Coniugio
415 2174 535 2236 11555511
550 2175 735 2248 deuinctum,
750 2174 902 2251 Chremes,

254 2289 335 2350 Dein
349 2287 438 2349 focile
451 2308 491 2348 ex
503 2287 565 2368 iliis
579 2291 641 2348 sdse
654 2289 840 2348 emersurum
855 2289 952 2350 malis.

178 2399 230 2465 011.
251 2398 320 2460 Tibi
335 2399 378 2460 ita
391 2399 448 2459 hcc
463 2397 600 2458 uidetur:
622 2399 653 2458 51
667 2418 723 2478 ego
736 2418 797 2458 nou
811 2419 896 2478 posse
909 2398 1041 2460 trbitror

255 2511 362 2592 Neque
382 2511 471 2571 illum
492 2511 571 2570 hsnc
590 2519 737 2590 perpetuo
757 2509 870 2571 habere
889 2531 987 2591 neque
1006 2532 1055 2572 me

415 2623 541 2704 perpeti

173 2741 216 2804 si.
256 2739 320 2817 Qui
334 2738 392 2799 scis
405 2757 476 2818 ergo
491 2737 577 2810 istuc,
592 2737 650 2797 nisi
666 2736 815 2817 periclum
829 2736 955 2800 feceris?
1075 2739 1134 2799 565

180 2853 231 2917 ot
253 2852 299 2913 At
312 2852 389 2912 istdc
402 2849 551 2930 periclum
566 2851 597 2910 in
612 2851 681 2911 filia
694 2850 761 2910 fieri
774 2859 905 2930 grauest.

174 2967 217 3028 55.
254 2964 373 3043 Nempe
386 2963 616 3023 incommoditas
631 2963 760 3042 denique
774 2963 834 3024 huc
848 2965 945 3024 omnis
959 2964 1046 3038 redit,

255 3077 287 3137 Si
302 3076 431 3149 eueniat,
445 3075 528 3155 quod
542 3075 574 3136 di
587 3075 777 3155 prohibeant,
792 3076 938 3138 discessio.

256 3187 300 3247 At
313 3187 340 3246 si
354 3186 524 3265 corrigitur,
537 3187 613 3265 quot
626 3186 853 3248 commoditates
868 3187 957 3247 uide:

255 3298 412 3378 Principio
426 3297 523 3358 amico
537 3297 640 3356 filium
654 3297 828 3370 restitueris
1077 3296 1136 3355 570

257 3409 326 3471 Tibi
339 3413 485 3492 generum
499 3409 620 3470 firmum
634 3417 665 3471 et
677 3408 763 3470 filice
777 3407 911 3468 inuenies
925 3407 1036 3466 uirum.
