2582 3762
191 205 233 271 60
542 223 580 269 P.
603 222 797 268 nunnnni
1006 203 1147 290 [Aot'V.

270 379 348 441 Rem
362 379 462 460 petius
476 379 572 459 ipsam
587 379 646 452 die,
662 399 698 439 ne
712 378 799 439 mitte
813 378 892 439 mdle
907 377 999 458 loqui.

190 492 232 554 Si.
271 492 367 570 Quasi
382 492 545 572 quicquam
561 491 593 551 in
607 490 689 552 hune
704 491 765 552 inm
780 491 904 571 grunius
925 491 986 551 dici
1006 493 1071 570 pes-

431 605 495 666 siet.

271 714 334 776 Ain
349 716 481 790 dudem,
496 716 571 777 ciuis
585 714 812 797 Glyceriumst?
853 717 907 777 Pu.
923 716 973 777 Ita
987 719 1071 796 prae·

430 829 542 891 dicant.
1092 831 1151 892 875

191 943 233 1005 Si.
272 942 339 1003 ‘Ita
353 942 570 1021 praedicant'?
591 963 609 1003 o
624 943 777 1022 Ingentem
792 943 1023 1005 confidentiam!

272 1054 356 1114 Num
370 1056 483 1133 edgitat
496 1054 570 1135 quid
584 1055 688 1115 dicat?
708 1074 782 1114 uum
798 1055 874 1117 faeti
887 1056 991 1136 piget?

272 1163 354 1226 Vide
374 1185 449 1225 num
470 1165 534 1225 eius
557 1165 639 1226 color
660 1166 783 1245 puddris
803 1167 923 1247 signum
943 1188 1071 1248 usquam

434 1278 557 1340 indicat.

273 1389 360 1452 Adeo
374 1389 525 1468 inpotenti
538 1409 600 1452 esse
614 1391 724 1466 nmmo,
738 1401 773 1453 ut
788 1402 907 1472 praeter
922 1392 1038 1453 ciuium
1093 1477 1098 1483 ι

273 1504 391 1565 Morem
405 1505 495 1584 ttque
508 1503 606 1584 legem
620 1513 649 1566 et
663 1507 712 1566 sui
726 1505 916 1568 uoluntatem
932 1507 1027 1587 putris
1093 1508 1153 1569 880
1223 1563 1226 1568 .

272 1616 387 1676 Tamen
408 1616 487 1677 htnc
508 1617 619 1678 habere
638 1618 758 1680 studeat
776 1640 846 1680 cum
866 1621 984 1680 summ6
1004 1640 1072 1699 pro-

434 1731 505 1793 bro!

192 1852 247 1913 Pa.
272 1851 324 1912 Me
344 1849 507 1912 miserum!
547 1847 590 1908 St.
619 1845 711 1920 Hem,
732 1846 860 1906 modone
888 1846 920 1907 id
949 1846 1071 1907 demum

432 1960 532 2033 sensti,
547 1958 727 2038 Ptmphile?
829 2015 831 2018 .

272 2077 360 2140 Olim
377 2078 465 2149 istuc,
484 2073 571 2145 olim,
592 2091 684 2152 quom
711 2073 756 2132 ita
784 2071 919 2132 animum
947 2071 1072 2132 induxti

433 2193 527 2258 tuom,
984 2219 985 2222 =

273 2300 366 2380 Quod
379 2301 502 2380 cuperes
515 2296 618 2378 aliquo
632 2297 721 2376 pente
736 2295 930 2356 efficiundum
945 2295 1019 2356 tibi:

272 2415 388 2476 Eodem
403 2412 453 2473 die
466 2413 543 2472 istuc
558 2409 686 2471 uerbum
701 2429 772 2469 uere
787 2409 823 2468 in
833 2417 864 2469 te
880 2407 998 2469 decidit.
1093 2411 1156 2470 885

272 2526 331 2587 Sed
352 2525 427 2605 quid
447 2525 523 2604 ego?
551 2544 628 2603 quor
655 2543 704 2583 me
732 2522 894 2583 excrucio?
922 2542 998 2601 quor
1025 2542 1073 2618 me

344 2708 346 2712 ,
435 2639 574 2701 mtcero?

274 2754 360 2831 Quor
371 2755 467 2814 metm
479 2759 662 2812 senectutem
674 2750 766 2812 huius
777 2748 906 2813 sollicito
918 2749 1071 2812 amentia?

272 2867 326 2929 An
339 2875 376 2928 ut
388 2886 444 2947 pro
458 2865 549 2926 huius
563 2865 693 2945 peccatis
708 2867 763 2945 ego
777 2863 961 2945 supplicium
986 2863 1071 2924 suffe·

431 2978 519 3067 rem?

272 3091 371 3150 Immo
384 3089 504 3162 hebeat,
518 3088 630 3162 ualeat,
644 3091 730 3150 uiuat
754 3111 822 3150 cnm
845 3090 908 3150 illa.
950 3089 1005 3150 Pa.
1025 3087 1072 3148 Mi
1124 3071 1127 3078 ’

432 3207 527 3276 pater.

194 3304 235 3365 &2
274 3306 359 3381 Quid
388 3307 451 3364 ‘mi
478 3308 603 3384 pater’?
637 3309 722 3387 quasi
750 3318 783 3369 tu
812 3311 902 3372 huius
934 3313 1069 3392 indigede

434 3415 536 3491 nattis·
1093 3427 1161 3490 890
