2582 3762
177 115 244 180 100
528 133 567 180 1².
591 133 785 178 Tanaum
967 113 1047 200 [Aet
1062 113 1137 180 III.

255 287 472 349 Humtnumst.
530 287 582 348 ubi
616 287 674 349 seit
707 287 831 360 factum,
859 286 899 348 ad
928 295 1055 347 matrem

415 399 544 480 uirginis

254 513 351 576 Venit
365 514 449 593 ipsus
464 514 544 574 ultro
559 513 731 574 lacrumans
745 535 834 575 orans
848 513 1006 576 6bsecrans

255 625 364 686 Fidem
378 626 464 699 dana,
479 626 582 687 iurans
596 630 627 687 se
642 627 728 687 illam
743 627 906 688 ductumim
921 627 1054 689 domum.

253 739 435 820 Ignatumst
449 740 615 814 tacitumst,
629 740 814 800 ereditumst.

253 853 314 915 Ille
328 853 424 915 b6nus
439 855 487 915 uir
501 854 588 914 nobis
602 854 768 934 psaltriam,
783 855 808 914 si
822 855 870 915 dis
884 854 993 934 placet,
1075 855 1133 918 476

253 966 390 1041 Partuit,
405 968 528 1046 quicum
545 968 651 1027 uiuat:
674 966 760 1026 illam
776 967 894 1027 deserit

172 1077 228 1138 De.
254 1078 315 1139 Pro
329 1081 431 1140 verton
445 1088 479 1140 tu
494 1079 586 1140 istaec
600 1079 697 1140 dicia?
737 1079 795 1140 He.
810 1077 912 1140 Mater
926 1079 1053 1160 uirginis

254 1190 291 1251 In
306 1193 441 1267 medioat,
456 1194 521 1273 ipsa
536 1195 632 1275 uirgo,
648 1215 694 1254 res
708 1194 782 1273 ipsa,
796 1194 847 1254 hic
861 1193 940 1255 Geta

254 1305 424 1379 Praeterea,
439 1316 474 1367 ut
488 1315 594 1386 captus
607 1310 652 1368 est
665 1328 831 1382 seruorum,
846 1310 907 1368 n6n
921 1308 1020 1369 malus
1074 1309 1137 1370 480

254 1418 362 1498 Neque
376 1418 472 1480 iners:
493 1419 551 1480 alit
564 1420 642 1495 illas,
657 1421 738 1482 salus
752 1442 872 1482 omnem
887 1419 1034 1482 familiam

253 1529 427 1590 Sustentat:
449 1530 530 1591 hunc
544 1531 670 1606 abdam,
685 1532 778 1607 uinci,
795 1535 905 1613 quaere
920 1554 992 1594 rem.

179 1643 229 1704 Ge.
255 1642 353 1703 Immo
362 1642 463 1704 hercle
471 1654 626 1725 extorque,
635 1646 694 1706 nisi
705 1646 749 1707 ita
757 1646 909 1720 factumst,
919 1647 1052 1720 Demea3

252 1754 409 1816 Postremo
422 1776 484 1816 non
499 1757 638 1837 negabit:
661 1779 763 1819 coram
777 1758 876 1839 ipsam
890 1759 971 1820 cedo.

172 1866 228 1927 De.
252 1866 369 1927 Pudet:
389 1887 445 1928 nee
470 1869 544 1948 quid
571 1891 661 1950 agam
689 1874 787 1951 neque
814 1872 889 1952 quid
913 1872 984 1934 huic
1009 1893 1053 1934 re·

415 1981 578 2060 apandeam
1072 1986 1133 2048 485

251 2089 328 2155 Seis).
369 2093 425 2154 Pa.
439 2093 584 2154 Miseram
598 2116 655 2170 me,
670 2095 793 2158 differor
807 2097 969 2160 dolaribus.

171 2201 230 2263 He.
251 2202 352 2264 Hem:

253 2314 349 2384 Illaec
363 2317 453 2378 fidem
468 2338 549 2379 nunc
564 2322 698 2381 u6stram
713 2321 854 2402 inploret,
869 2323 994 2399 Demea,

251 2429 343 2505 Quod
357 2430 403 2490 ias
417 2451 470 2492 uos
484 2432 573 2512 cogit,
589 2434 622 2493 id
637 2435 795 2497 uoluntate
809 2439 948 2516 inpetret.
1070 2439 1130 2502 490

251 2541 338 2602 Haec
362 2544 496 2621 primum
524 2553 559 2605 ut
586 2545 662 2608 fiant
685 2549 755 2609 de6s
776 2569 886 2628 quaeso
906 2559 942 2610 ut
962 2551 1049 2613 uobis

411 2657 505 2720 decet.

250 2767 304 2829 Sin
317 2769 406 2831 aliter
420 2770 539 2834 animus
553 2775 655 2836 u6ster
669 2783 722 2849 eat,
737 2797 801 2857 ego,
816 2777 942 2853 Demea,

249 2881 375 2942 Summa
395 2883 427 2943 ui
448 2885 609 2949 defendam
636 2889 717 2951 hanc
743 2899 835 2972 atque
857 2892 946 2953 illum
970 2894 1049 2954 mars

409 3007 501 3060 tuom.
551 3001 555 3008 '

248 3104 401 3182 cognttus
415 3110 491 3170 mihi
505 3123 587 3174 erat:
608 3116 670 3175 fine
683 3136 703 3176 a
716 3117 818 3196 pueris
832 3119 968 3198 paruolis

247 3215 358 3278 Sumus
371 3219 489 3283 educti:
511 3245 573 3287 una
587 3230 705 3307 semper
718 3231 846 3293 militiae
859 3237 889 3294 et
904 3235 985 3294 domi
1066 3235 1127 3297 495

248 3320 392 3386 Fuimtia:
412 3341 622 3410 paupertatem
637 3339 697 3398 (ma
711 3341 890 3418 pertulimfis
910 3365 1044 3423 grauem.
