2582 3762
122 167 378 256 Sc.HI.1-4l.]
475 186 731 236 anacreon.

202 339 357 402 Absdrda.
397 341 487 421 piscis
502 344 615 402 ceteros
628 342 737 421 pnrgd,
752 340 889 404 Dromo:

202 453 357 534 Congrum
367 455 459 514 istum
473 474 653 514 maxumum
663 456 695 515 in
707 475 788 534 aqua
798 454 890 515 sinito
901 452 1007 516 lidere

202 567 380 648 Tantisper:
402 567 455 629 ubi
470 589 525 647 ego
540 567 665 641 rediero,
680 567 885 629 exossdbitur:

202 679 292 741 Prius
320 679 399 741 nclo.
440 680 497 740 De.
523 680 644 742 Haecin
673 679 808 760 flagitia!
849 679 897 760 Sy.
922 679 1004 740 Mihi

363 793 486 873 quidem
500 792 561 853 had
574 793 705 872 placent,

202 906 245 968 Et
259 906 357 968 elimo
370 927 467 987 saepe.
510 906 693 968 salsamenta
707 907 791 983 haec,
806 906 981 988 Stephanio,
1023 907 1084 969 380

202 1018 267 1079 Fac
297 1019 488 1079 micerentur
521 1017 658 1099 pirlchre.
713 1017 769 1079 De.
797 1017 840 1079 Di
867 1019 1001 1079 nostram

362 1130 462 1205 fidem,

203 1245 316 1310 Vtrtim
331 1246 469 1308 studione
483 1246 515 1306 id
529 1245 588 1306 sibi
602 1245 695 1306 habet
708 1266 747 1306 an
763 1244 851 1307 laudi
864 1252 954 1326 putat

202 1358 291 1434 Fore,
307 1360 333 1420 si
346 1359 513 1439 perdiderit
525 1360 675 1438 gnitum?
696 1379 753 1420 nae
766 1359 875 1420 miserd
889 1358 974 1419 mihi.

203 1469 317 1534 Videre
332 1471 437 1532 uideor
451 1472 512 1532 itm
527 1471 606 1531 diem
618 1471 716 1545 illum,
727 1490 818 1550 quom
829 1470 902 1531 hinc
912 1489 1001 1550 egens

202 1582 361 1662 Profrigiet
375 1581 477 1661 aliquo
492 1582 667 1642 militatum.
710 1581 757 1660 Sy.
773 1580 801 1642 Ο
816 1581 941 1655 Demea,
1023 1581 1081 1640 385

203 1696 285 1758 istric
300 1705 344 1758 est
358 1717 470 1776 sapere,
485 1698 544 1755 n6n
560 1695 641 1774 quod
655 1703 726 1754 ante
739 1693 830 1773 pedes
843 1693 963 1755 modost

203 1811 326 1884 Videre,
340 1810 392 1870 sed
406 1810 498 1870 etiam
511 1809 568 1869 illa
582 1828 660 1888 qnae
674 1808 778 1867 futira
791 1815 863 1868 sunt

203 1923 387 2004 Prospicere.
429 1921 486 1982 Dc.
508 1920 616 1998 Quid?
636 1920 729 2006 istaec
750 1920 810 1979 idm
833 1938 925 1998 penes
949 1937 1003 1979 uos

364 2034 540 2115 psdltriast?
925 2075 928 2080 .

115 2152 169 2232 Sy.
202 2150 306 2212 Ellam
325 2151 417 2210 intus.
458 2149 515 2209 De.
538 2147 615 2223 Eho,
631 2169 671 2209 an
692 2147 803 2209 domist
823 2145 1005 2210 habiturus?

364 2263 411 2342 Sy.
425 2261 532 2334 Credo,
547 2271 583 2322 ut
596 2273 641 2322 est

203 2374 375 2438 Dementia.
415 2375 471 2436 Dc.
487 2374 607 2436 Haecin
622 2373 706 2435 fieri!
747 2373 796 2454 Sy.
811 2373 922 2454 Inepta
931 2373 1004 2436 leni·

364 2497 411 2550 tas
1024 2489 1084 2550 390

203 2602 305 2665 Patris
338 2606 370 2665 et
402 2601 533 2663 facilitas
568 2603 673 2680 praua.
715 2599 772 2660 De.
802 2597 921 2661 Fratris
955 2603 1003 2661 me

364 2714 486 2794 quidem

96 2813 99 2817 ’
204 2827 305 2890 Pudet
325 2827 475 2907 pigetque.
516 2826 563 2905 Sy.
591 2823 732 2885 Nimium
754 2824 918 2899 internos,
943 2824 1003 2886 De-

364 2959 440 3014 mea,

204 3054 291 3131 (Non
310 3053 384 3134 quia
401 3053 473 3115 ades
493 3070 633 3133 praesens
650 3050 718 3109 dico
731 3050 804 3130 hoc)
820 3049 1003 3130 pernimium

363 3165 509 3227 interest.

201 3276 259 3352 Tu,
274 3276 406 3356 qutntus
420 3273 571 3354 quantn's,
586 3271 631 3333 nss
645 3272 704 3333 nisi
718 3272 869 3352 sapientia
883 3293 923 3345 es,

102 3401 108 3410 '
201 3389 263 3452 Ille
275 3387 435 3451 sdmninm.
476 3406 550 3448 acm
562 3387 675 3446 sineres
689 3404 761 3444 nero
775 3383 866 3442 illirm
882 3391 966 3441 tuom
1025 3380 1084 3439 395
1118 3454 1120 3460 .
