2582 3762
150 154 501 240 So.III.78-IV.24.]
519 172 775 220 Annnpnon.

232 329 281 389 De
294 329 420 408 psiltrio
433 329 492 389 hoo
506 329 643 389 audiuit:
666 329 697 388 id
713 329 760 388 illi
775 332 856 391 'nuno
870 330 953 392 dolet

231 437 351 499 Alieno.
393 448 480 518 poter
493 439 557 499 eius
571 439 627 497 nili
645 439 768 518 pendit:
790 440 819 500 ei
833 440 918 514 mihi,

232 553 361 615 Vtinam
389 554 441 615 hio
467 575 561 634 prope
590 554 670 614 adsit
697 554 811 614 slioubi
839 564 930 636 eique
956 543 1033 618 haee

392 667 506 728 audiat.

150 779 211 840 He.
233 778 301 840 Nisi
320 779 434 840 socient
453 800 531 860 quae
551 778 621 840 illos
641 782 808 860 aequomst,
821 779 906 842 haud
920 780 964 842 sio
982 783 1034 842 au-

392 892 498 953 ferent.

157 1006 210 1068 Ge.
232 1005 396 1086 Intespes
409 1005 515 1079 omnis,
529 1004 640 1086 Hegio,
654 1006 743 1068 nobis
757 1007 863 1068 sitast:
1054 1007 1114 1066 455

233 1117 276 1178 Te
289 1119 387 1179 solum
401 1117 555 1192 habemus,
570 1121 604 1180 tu
617 1139 648 1180 es
662 1128 817 1199 patronus,
832 1121 866 1180 tu
879 1128 984 1200 poteri

234 1231 293 1293 lile
307 1232 363 1293 tibi
377 1233 507 1294 moriens
521 1234 574 1292 nos
589 1232 815 1293 oommendsuit
828 1253 938 1293 senex:

234 1343 267 1404 si
280 1344 391 1405 deseris
404 1354 448 1418 tu,
462 1345 615 1425 periimus.
656 1344 715 1405 He.
730 1343 814 1406 Cane
827 1344 958 1407 dixeris:

234 1456 341 1536 Neque
355 1457 464 1518 ficiam
478 1477 577 1544 neque
591 1477 639 1517 me
652 1459 724 1517 sitis
735 1457 784 1537 pie
795 1477 880 1537 posse
891 1456 1033 1519 irbitron

151 1571 211 1633 Do.
235 1569 347 1631 Adibo.
389 1569 507 1631 soluere
521 1570 693 1650 Hegionem
706 1569 874 1649 plurimum
1055 1571 1115 1631 460

235 1679 337 1742 Iubeo.
378 1680 438 1742 He.
460 1659 519 1754 (ih,
540 1689 571 1741 te
594 1677 777 1759 quaerebam
800 1680 919 1760 ipsum:
939 1679 1034 1754 salue,

396 1793 520 1856 Demea.

152 1907 212 1969 Do.
236 1907 321 1985 Quid
335 1907 457 1968 autem?
497 1906 556 1968 He.
570 1905 672 1968 Maior
681 1905 767 1966 fflius
777 1914 845 1967 tuos
855 1903 1034 1979 Aeschinus,

236 2023 336 2101 Quem
350 2023 437 2085 fretri
451 2022 660 2102 adoptandum
674 2021 792 2093 dedisti,
808 2023 905 2100 neque
920 2018 992 2080 boni

235 2135 343 2216 Neque
356 2136 492 2197 liberalis
505 2135 627 2196 functus
641 2134 802 2194 officiumst
814 2133 883 2194 uiri.

152 2249 212 2312 Do.
237 2247 323 2328 Quid
343 2249 420 2310 istuc
440 2249 505 2310 est?
545 2247 604 2308 He.
625 2245 773 2306 Nostrum
793 2246 927 2306 amioum
945 2266 1034 2307 noras

395 2361 547 2422 Simulum
1056 2360 1115 2419 465

203 2474 426 2558 ‘Aequilem‘i
465 2475 522 2538 De.
544 2474 630 2553 Quid
653 2474 708 2537 ni?
747 2474 807 2536 He.
830 2473 946 2534 Fssiom
970 2473 1034 2536 eius

394 2587 544 2668 uisginem

233 2699 377 2764 Vnisuit„
418 2701 476 2762 De.
503 2698 595 2762 Hem.
637 2700 696 2764 He.
725 2699 835 2763 Mane:
869 2701 931 2761 non
958 2699 1033 2761 dum
1103 2769 1107 2778 ,

395 2813 516 2887 audisti,
537 2812 663 2888 Demea,

235 2924 329 3005 ‚Quod
341 2928 387 2988 est
399 2926 630 3007 grauissumum.
671 2924 727 2987 De.
742 2907 796 2986 An
806 2924 880 3006 quid
889 2935 935 2987 est
941 2927 1033 2987 etiem

396 3035 547 3116 implius?

151 3151 212 3214 He.
233 3139 319 3215 Vero
346 3150 493 3231 implius:
528 3169 600 3210 nam
628 3149 685 3210 hoo
713 3147 836 3230 quidem
870 3149 1033 3211 ferundum

396 3263 499 3344 aliquo
519 3262 654 3324 modost:

234 3377 389 3441 Persussit
402 3396 465 3440 nox
478 3377 564 3437 amor
577 3374 685 3434 uinum
698 3371 922 3432 adulescentia:
1053 3367 1113 3426 470
