2604 3778
190 197 546 285 sellum-wne]
573 217 763 266 suumn.
1109 201 1149 266 41

269 375 352 435 Nam
387 373 606 455 prspemodum
640 372 739 436 habeo
773 373 834 435 ism
868 371 968 436 fidem.
1009 372 1070 436 Dm

429 488 566 550 Tandem
580 489 716 568 cognosti
730 489 784 569 qui
797 489 894 550 siem?

189 603 229 664 st.
269 602 342 664 Non
374 601 498 663 fueraut
531 600 657 680 nuptiae
691 600 823 662 futurae.
874 601 935 663 Du
964 599 1071 679 Quid?

426 717 511 778 non?
550 715 594 777 Si.
615 715 676 778 Sed
689 736 726 777 ea
739 716 838 796 grdtis

268 830 491 905 Simultuimos
501 833 791 910 utpertempterem.
832 829 892 890 Da.
908 829 994 908 Quid
1003 831 1070 892 nisi

427 943 470 1006 si.
492 942 542 1005 Sic
556 963 603 1004 res
618 946 671 1004 est.
713 943 773 1005 Du.
796 943 894 1006 Vide:

269 1057 446 1140 Numquam
474 1058 553 1119 istuc
582 1057 668 1138 quiui
695 1078 751 1137 ego
778 1057 961 1139 intellegere
1007 1059 1070 1120 ush

430 1169 591 1232 consilium
606 1169 761 1232 etliidum.

188 1284 231 1346 Si
271 1282 339 1346 Hoe
358 1283 448 1345 nudi:
469 1290 506 1342 ut
523 1281 596 1342 hine
610 1291 640 1342 te
654 1281 734 1343 intro
748 1282 793 1343 ire
807 1280 889 1355 iussi,
902 1283 1071 1362 oppertuue

429 1396 480 1457 hie
494 1395 529 1457 fit
542 1396 585 1456 mi
599 1394 731 1457 6buiam.
771 1395 831 1457 Da.
853 1395 946 1470 Hem,
1091 1397 1151 1456 590

269 1510 355 1571 Num
374 1511 446 1571 ndm
467 1510 624 1590 perimus?
663 1509 706 1570 st.
728 1507 828 1570 Ndrro
848 1508 930 1584 huic,
945 1529 1023 1590 quae
1036 1517 1071 1571 tu

430 1622 546 1684 dddum
560 1623 692 1684 narrasti
706 1622 790 1684 mihi.

190 1736 251 1797 Da.
273 1735 359 1813 Quid
372 1755 445 1796 nem
459 1736 573 1797 audio?
612 1734 655 1796 si.
670 1732 805 1796 Gnatam
819 1736 854 1796 dt
868 1734 920 1796 det
932 1755 994 1809 oro,
1004 1735 1072 1796 uix·

432 1867 491 1927 que
504 1845 537 1907 id
551 1865 652 1908 exoro.
693 1844 753 1907 Da.
769 1825 884 1908 Occidi.
924 1846 967 1908 Si.
979 1845 1071 1922 Hem,

271 1959 357 2036 Quid
380 1959 509 2020 dixisti?
549 1958 610 2020 Da.
632 1957 766 2038 Optume
792 1959 918 2038 inquam
947 1959 1071 2021 fuctum.

430 2072 473 2134 St.
495 2071 591 2134 Nunc·
601 2093 655 2153 per
669 2072 752 2133 hune
765 2071 880 2133 nulidst
896 2093 990 2134 mora.

196 2185 247 2248 Oh.
271 2184 405 2247 Domum
426 2185 516 2246 modo
537 2185 597 2259 ibo,
612 2195 647 2246 ut
667 2186 832 2266 ddparetur
852 2185 962 2259 dicam,
981 2195 1073 2266 atque

431 2297 492 2359 huc
507 2299 654 2359 renuntio.

190 2412 233 2474 Si.
272 2410 364 2473 Nune
381 2419 413 2472 te
429 2413 490 2485 tro,
505 2411 603 2485 Daue,
619 2412 764 2492 qu6nism
785 2413 866 2474 solus
886 2413 929 2473 mi
949 2412 1073 2475 effecisti

432 2523 487 2584 has
501 2524 632 2603 nuptias,
1093 2527 1152 2587 595

191 2637 251 2698 Da.
273 2636 341 2716 Ego
362 2615 434 2697 uero
458 2635 548 2697 solus.
591 2636 632 2698 Si.
654 2635 792 2698 Gustum
820 2637 895 2698 mihi
923 2639 1073 2719 corrigere

431 2768 521 2827 porro
535 2749 658 2810 enitere.
956 2755 958 2761 '

189 2863 251 2924 Da.
273 2860 400 2922 Faciam
427 2860 529 2922 hercle
556 2861 671 2923 seduld.
711 2862 753 2924 Si.
775 2863 865 2925 Potes
886 2885 976 2940 nune,
998 2865 1072 2927 dum

433 2976 552 3036 suimus
566 2976 708 3037 inritttus
722 2985 775 3039 est.

190 3089 251 3150 Da.
273 3089 427 3168 Quiescas.
468 3090 510 3151 st.
532 3091 601 3171 Age
614 3091 716 3170 igitur,
731 3091 783 3152 ubi
805 3114 887 3155 nune
906 3103 950 3156 est
968 3095 1073 3175 ipsus?

432 3202 492 3262 Da.
513 3202 629 3263 Mirum
643 3205 677 3263 ni
690 3203 808 3265 domist.

189 3315 233 3379 si„
271 3315 328 3380 Ibo
348 3317 388 3380 sd
407 3338 478 3379 eum
498 3326 591 3398 atque
611 3319 716 3380 eadem
734 3318 818 3392 haec,
832 3319 891 3381 tibi
905 3339 983 3399 quae
996 3320 1072 3392 dixi,

433 3431 535 3491 diuam
549 3429 655 3490 itidem
669 3429 725 3489 illi.
767 3429 826 3491 Da.
848 3429 962 3489 Nullus
975 3449 1043 3488 sum

630 3541 656 3594 D
666 3544 682 3592 2
